<?xml version="1.0" encoding="UTF-8"?>
<!DOCTYPE html PUBLIC "-//W3C//DTD XHTML 1.0 Transitional//EN"
    "http://www.w3.org/TR/xhtml1/DTD/xhtml1-transitional.dtd">
<html xmlns="http://www.w3.org/1999/xhtml" xml:lang="en" lang="en">
 <head>
  <title>
</title>
<meta http-equiv="Content-Type" content="text/html;charset=utf-8" />
  <meta name='ocr-system' content='tesseract 3.04.00' />
  <meta name='ocr-capabilities' content='ocr_page ocr_carea ocr_par ocr_line ocrx_word'/>
</head>
<body>
  <div class='ocr_page' id='page_1' title='image "./patrologiaecursu45mignuoft_0338.png"; bbox 0 0 1840 3036; ppageno 0'>
   <div class='ocr_carea' id='block_1_1' title="bbox 111 83 1126 112">
    <p class='ocr_par' dir='ltr' id='par_1_1' title="bbox 111 83 1126 112">
     <span class='ocr_line' id='line_1_1' title="bbox 111 83 1126 112; baseline 0.002 -3"><span class='ocrx_word' id='word_1_1' title='bbox 111 86 163 111; x_wconf 61' lang='grc' dir='ltr'>4ὶὶῖῦ</span> <span class='ocrx_word' id='word_1_2' title='bbox 746 84 773 110; x_wconf 72' lang='lat' dir='ltr'>S.</span> <span class='ocrx_word' id='word_1_3' title='bbox 796 83 959 111; x_wconf 74' lang='lat' dir='ltr'>GREGoRtt</span> <span class='ocrx_word' id='word_1_4' title='bbox 979 84 1126 112; x_wconf 70' lang='lat' dir='ltr'>NYSSENt</span> 
     </span>
    </p>
   </div>
   <div class='ocr_carea' id='block_1_2' title="bbox 1689 85 1738 111">
    <p class='ocr_par' dir='ltr' id='par_1_2' title="bbox 1689 85 1738 111">
     <span class='ocr_line' id='line_1_2' title="bbox 1689 85 1738 111; baseline -0.041 0"><span class='ocrx_word' id='word_1_5' title='bbox 1689 85 1738 111; x_wconf 63' lang='lat' dir='ltr'>mr,</span> 
     </span>
    </p>
   </div>
   <div class='ocr_carea' id='block_1_3' title="bbox 109 141 1740 180">
    <p class='ocr_par' dir='ltr' id='par_1_3' title="bbox 109 141 1740 180">
     <span class='ocr_line' id='line_1_3' title="bbox 109 141 1740 180; baseline 0 -10"><span class='ocrx_word' id='word_1_6' title='bbox 109 151 170 170; x_wconf 79' lang='lat' dir='ltr'>esse</span> <span class='ocrx_word' id='word_1_7' title='bbox 196 142 345 169; x_wconf 77' lang='lat' dir='ltr'>secumlnm</span> <span class='ocrx_word' id='word_1_8' title='bbox 366 149 458 168; x_wconf 78' lang='lat' dir='ltr'>vocem</span> <span class='ocrx_word' id='word_1_9' title='bbox 480 146 505 168; x_wconf 83' lang='lat' dir='ltr'>ct</span> <span class='ocrx_word' id='word_1_10' title='bbox 531 141 662 177; x_wconf 85' lang='lat' dir='ltr'>linguam,</span> <span class='ocrx_word' id='word_1_11' title='bbox 691 142 764 176; x_wconf 76' lang='lat' dir='ltr'>quod</span> <span class='ocrx_word' id='word_1_12' title='bbox 785 143 894 177; x_wconf 85' lang='lat' dir='ltr'>quidem</span> <span class='ocrx_word' id='word_1_13' title='bbox 911 147 935 175; x_wconf 76' lang='grc' dir='ltr'><strong>Α</strong></span> <span class='ocrx_word' id='word_1_14' title='bbox 951 145 1096 175; x_wconf 80' lang='grc' dir='ltr'>δείκνυσιν,</span> <span class='ocrx_word' id='word_1_15' title='bbox 1123 144 1171 170; x_wconf 74' lang='grc' dir='ltr'>οὐκ</span> <span class='ocrx_word' id='word_1_16' title='bbox 1191 144 1353 179; x_wconf 70' lang='grc' dir='ltr'>ἀρνούμεθα.</span> <span class='ocrx_word' id='word_1_17' title='bbox 1374 145 1447 172; x_wconf 65' lang='lat' dir='ltr'>’ozia</span> <span class='ocrx_word' id='word_1_18' title='bbox 1472 145 1510 177; x_wconf 79' lang='grc' dir='ltr'>δὲ,</span> <span class='ocrx_word' id='word_1_19' title='bbox 1528 145 1618 176; x_wconf 82' lang='grc' dir='ltr'>καθώς</span> <span class='ocrx_word' id='word_1_20' title='bbox 1635 146 1740 180; x_wconf 78' lang='grc' dir='ltr'>φησινὸ</span> 
     </span>
    </p>
   </div>
   <div class='ocr_carea' id='block_1_4' title="bbox 111 187 900 815">
    <p class='ocr_par' dir='ltr' id='par_1_4' title="bbox 111 187 900 815">
     <span class='ocr_line' id='line_1_4' title="bbox 111 187 896 218; baseline 0.001 -4"><span class='ocrx_word' id='word_1_21' title='bbox 111 191 144 215; x_wconf 79' lang='lat' dir='ltr'>de</span> <span class='ocrx_word' id='word_1_22' title='bbox 170 189 248 214; x_wconf 70' lang='lat' dir='ltr'>uobis</span> <span class='ocrx_word' id='word_1_23' title='bbox 273 188 443 214; x_wconf 79' lang='lat' dir='ltr'>demonstrat</span> <span class='ocrx_word' id='word_1_24' title='bbox 470 187 568 218; x_wconf 85' lang='lat' dir='ltr'>oratio,</span> <span class='ocrx_word' id='word_1_25' title='bbox 588 195 642 214; x_wconf 90' lang='lat' dir='ltr'>non</span> <span class='ocrx_word' id='word_1_26' title='bbox 660 188 824 216; x_wconf 78' lang='lat' dir='ltr'>inficiamur.</span> <span class='ocrx_word' id='word_1_27' title='bbox 840 189 896 215; x_wconf 71' lang='lat' dir='ltr'>Au-</span> 
     </span>
     <span class='ocr_line' id='line_1_5' title="bbox 112 232 897 268; baseline -0.001 -7"><span class='ocrx_word' id='word_1_28' title='bbox 112 235 213 261; x_wconf 69' lang='lat' dir='ltr'>riculas</span> <span class='ocrx_word' id='word_1_29' title='bbox 243 237 343 264; x_wconf 74' lang='lat' dir='ltr'>autem,</span> <span class='ocrx_word' id='word_1_30' title='bbox 373 233 445 259; x_wconf 74' lang='lat' dir='ltr'>sicut</span> <span class='ocrx_word' id='word_1_31' title='bbox 471 233 507 258; x_wconf 86' lang='lat' dir='ltr'>ait</span> <span class='ocrx_word' id='word_1_32' title='bbox 526 232 672 267; x_wconf 77' lang='lat' dir='ltr'>Propheta,</span> <span class='ocrx_word' id='word_1_33' title='bbox 691 233 771 261; x_wconf 88' lang='lat' dir='ltr'>nobis</span> <span class='ocrx_word' id='word_1_34' title='bbox 792 238 897 268; x_wconf 85' lang='lat' dir='ltr'>aptatas</span> 
     </span>
     <span class='ocr_line' id='line_1_6' title="bbox 111 279 896 315; baseline -0.001 -8"><span class='ocrx_word' id='word_1_35' title='bbox 111 288 171 307; x_wconf 73' lang='lat' dir='ltr'>csse</span> <span class='ocrx_word' id='word_1_36' title='bbox 187 285 212 306; x_wconf 77' lang='lat' dir='ltr'>et</span> <span class='ocrx_word' id='word_1_37' title='bbox 226 279 393 313; x_wconf 74' lang='lat' dir='ltr'>compositas</span> <span class='ocrx_word' id='word_1_38' title='bbox 415 279 446 304; x_wconf 90' lang='lat' dir='ltr'>ad</span> <span class='ocrx_word' id='word_1_39' title='bbox 473 279 595 305; x_wconf 89' lang='lat' dir='ltr'>auditum</span> <span class='ocrx_word' id='word_1_40' title='bbox 614 279 682 307; x_wconf 85' lang='lat' dir='ltr'>benc</span> <span class='ocrx_word' id='word_1_41' title='bbox 703 280 896 315; x_wconf 78' lang='lat' dir='ltr'>intelligentem</span> 
     </span>
     <span class='ocr_line' id='line_1_7' title="bbox 111 322 898 359; baseline 0.004 -10"><span class='ocrx_word' id='word_1_42' title='bbox 111 324 283 350; x_wconf 72' lang='lat' dir='ltr'>confitemur.</span> <span class='ocrx_word' id='word_1_43' title='bbox 299 322 443 357; x_wconf 74' lang='lat' dir='ltr'>Propterea</span> <span class='ocrx_word' id='word_1_44' title='bbox 456 330 503 357; x_wconf 86' lang='lat' dir='ltr'>per</span> <span class='ocrx_word' id='word_1_45' title='bbox 514 331 671 358; x_wconf 80' lang='lat' dir='ltr'>compagem</span> <span class='ocrx_word' id='word_1_46' title='bbox 684 324 825 351; x_wconf 82' lang='lat' dir='ltr'>nominum</span> <span class='ocrx_word' id='word_1_47' title='bbox 839 332 898 359; x_wconf 83' lang='lat' dir='ltr'>quae</span> 
     </span>
     <span class='ocr_line' id='line_1_8' title="bbox 112 369 898 405; baseline 0.001 -10"><span class='ocrx_word' id='word_1_48' title='bbox 112 369 213 395; x_wconf 88' lang='lat' dir='ltr'>unllam</span> <span class='ocrx_word' id='word_1_49' title='bbox 239 369 308 394; x_wconf 68' lang='lat' dir='ltr'>inter</span> <span class='ocrx_word' id='word_1_50' title='bbox 333 376 362 395; x_wconf 80' lang='lat' dir='ltr'>se</span> <span class='ocrx_word' id='word_1_51' title='bbox 387 369 489 395; x_wconf 73' lang='lat' dir='ltr'>liabent</span> <span class='ocrx_word' id='word_1_52' title='bbox 509 370 741 401; x_wconf 84' lang='lat' dir='ltr'>comumnionem,</span> <span class='ocrx_word' id='word_1_53' title='bbox 764 370 796 396; x_wconf 87' lang='lat' dir='ltr'>ad</span> <span class='ocrx_word' id='word_1_54' title='bbox 815 371 898 405; x_wconf 75' lang='lat' dir='ltr'>signi-</span> 
     </span>
     <span class='ocr_line' id='line_1_9' title="bbox 113 414 897 449; baseline 0.003 -9"><span class='ocrx_word' id='word_1_55' title='bbox 113 415 254 441; x_wconf 74' lang='lat' dir='ltr'>ficatorum</span> <span class='ocrx_word' id='word_1_56' title='bbox 267 414 456 441; x_wconf 83' lang='lat' dir='ltr'>confusionem</span> <span class='ocrx_word' id='word_1_57' title='bbox 471 415 630 449; x_wconf 83' lang='lat' dir='ltr'>neutiquam</span> <span class='ocrx_word' id='word_1_58' title='bbox 648 416 813 442; x_wconf 81' lang='lat' dir='ltr'>inducimur.</span> <span class='ocrx_word' id='word_1_59' title='bbox 831 416 897 442; x_wconf 87' lang='lat' dir='ltr'>Nam</span> 
     </span>
     <span class='ocr_line' id='line_1_10' title="bbox 113 460 898 495; baseline 0.003 -9"><span class='ocrx_word' id='word_1_60' title='bbox 113 460 164 486; x_wconf 73' lang='lat' dir='ltr'>etsi</span> <span class='ocrx_word' id='word_1_61' title='bbox 183 468 298 494; x_wconf 76' lang='lat' dir='ltr'>maguus</span> <span class='ocrx_word' id='word_1_62' title='bbox 311 461 459 495; x_wconf 73' lang='lat' dir='ltr'>Apostolus</span> <span class='ocrx_word' id='word_1_63' title='bbox 473 461 500 487; x_wconf 85' lang='lat' dir='ltr'>in</span> <span class='ocrx_word' id='word_1_64' title='bbox 518 461 612 488; x_wconf 85' lang='lat' dir='ltr'>codem</span> <span class='ocrx_word' id='word_1_65' title='bbox 625 461 756 489; x_wconf 87' lang='lat' dir='ltr'>orationis</span> <span class='ocrx_word' id='word_1_66' title='bbox 771 466 898 489; x_wconf 82' lang='lat' dir='ltr'>contextu</span> 
     </span>
     <span class='ocr_line' id='line_1_11' title="bbox 114 506 899 542; baseline 0.005 -11"><span class='ocrx_word' id='word_1_67' title='bbox 114 506 235 533; x_wconf 87' lang='lat' dir='ltr'>nominet</span> <span class='ocrx_word' id='word_1_68' title='bbox 257 507 328 541; x_wconf 77' lang='lat' dir='ltr'>ligna</span> <span class='ocrx_word' id='word_1_69' title='bbox 345 512 371 533; x_wconf 86' lang='lat' dir='ltr'>et</span> <span class='ocrx_word' id='word_1_70' title='bbox 384 506 475 533; x_wconf 79' lang='lat' dir='ltr'>senum</span> <span class='ocrx_word' id='word_1_71' title='bbox 494 512 519 533; x_wconf 87' lang='lat' dir='ltr'>et</span> <span class='ocrx_word' id='word_1_72' title='bbox 537 507 676 542; x_wconf 82' lang='lat' dir='ltr'>stipulam,</span> <span class='ocrx_word' id='word_1_73' title='bbox 704 515 855 542; x_wconf 86' lang='lat' dir='ltr'>aurumque</span> <span class='ocrx_word' id='word_1_74' title='bbox 873 512 899 534; x_wconf 84' lang='lat' dir='ltr'>ct</span> 
     </span>
     <span class='ocr_line' id='line_1_12' title="bbox 113 554 899 588; baseline 0.001 -9"><span class='ocrx_word' id='word_1_75' title='bbox 113 559 254 587; x_wconf 66' lang='lat' dir='ltr'>argentum</span> <span class='ocrx_word' id='word_1_76' title='bbox 278 558 303 580; x_wconf 84' lang='lat' dir='ltr'>et</span> <span class='ocrx_word' id='word_1_77' title='bbox 330 554 433 588; x_wconf 86' lang='lat' dir='ltr'>lapides</span> <span class='ocrx_word' id='word_1_78' title='bbox 457 554 590 588; x_wconf 80' lang='lat' dir='ltr'>pretiosos</span> <span class='ocrx_word' id='word_1_79' title='bbox 607 554 663 587; x_wconf 71' lang='lat'>²³&#39;3</span> <span class='ocrx_word' id='word_1_80' title='bbox 690 559 778 581; x_wconf 86' lang='lat' dir='ltr'>tamen</span> <span class='ocrx_word' id='word_1_81' title='bbox 794 558 820 581; x_wconf 87' lang='lat' dir='ltr'>ct</span> <span class='ocrx_word' id='word_1_82' title='bbox 853 563 899 580; x_wconf 91' lang='lat' dir='ltr'>nu-</span> 
     </span>
     <span class='ocr_line' id='line_1_13' title="bbox 113 600 899 634; baseline 0.005 -11"><span class='ocrx_word' id='word_1_83' title='bbox 113 607 217 624; x_wconf 75' lang='lat' dir='ltr'>merum</span> <span class='ocrx_word' id='word_1_84' title='bbox 236 607 330 625; x_wconf 74' lang='lat' dir='ltr'>eorum</span> <span class='ocrx_word' id='word_1_85' title='bbox 358 607 418 633; x_wconf 68' lang='lat' dir='ltr'>quac</span> <span class='ocrx_word' id='word_1_86' title='bbox 446 601 583 627; x_wconf 72' lang='lat' dir='ltr'>recensuit</span> <span class='ocrx_word' id='word_1_87' title='bbox 602 600 758 627; x_wconf 75' lang='lat' dir='ltr'>summatim</span> <span class='ocrx_word' id='word_1_88' title='bbox 785 608 899 634; x_wconf 87' lang='lat' dir='ltr'>compn-</span> 
     </span>
     <span class='ocr_line' id='line_1_14' title="bbox 113 645 898 679; baseline 0.005 -11"><span class='ocrx_word' id='word_1_89' title='bbox 113 648 214 675; x_wconf 80' lang='lat' dir='ltr'>tantus‚</span> <span class='ocrx_word' id='word_1_90' title='bbox 229 649 311 678; x_wconf 70' lang='lat' dir='ltr'>atque</span> <span class='ocrx_word' id='word_1_91' title='bbox 327 645 408 670; x_wconf 81' lang='lat' dir='ltr'>etiam</span> <span class='ocrx_word' id='word_1_92' title='bbox 427 649 551 671; x_wconf 81' lang='lat' dir='ltr'>naun-:un</span> <span class='ocrx_word' id='word_1_93' title='bbox 568 653 663 672; x_wconf 81' lang='lat' dir='ltr'>corum</span> <span class='ocrx_word' id='word_1_94' title='bbox 680 653 740 679; x_wconf 76' lang='lat' dir='ltr'>(111ae</span> <span class='ocrx_word' id='word_1_95' title='bbox 756 646 898 672; x_wconf 82' lang='lat' dir='ltr'>nominata</span> 
     </span>
     <span class='ocr_line' id='line_1_15' title="bbox 114 691 898 726; baseline 0.003 -11"><span class='ocrx_word' id='word_1_96' title='bbox 114 694 177 715; x_wconf 78' lang='lat' dir='ltr'>suut</span> <span class='ocrx_word' id='word_1_97' title='bbox 194 691 302 725; x_wconf 86' lang='lat' dir='ltr'>proprie</span> <span class='ocrx_word' id='word_1_98' title='bbox 324 695 349 717; x_wconf 89' lang='lat' dir='ltr'>et</span> <span class='ocrx_word' id='word_1_99' title='bbox 373 691 548 725; x_wconf 75' lang='lat' dir='ltr'>singulariter</span> <span class='ocrx_word' id='word_1_100' title='bbox 561 695 641 726; x_wconf 87' lang='lat' dir='ltr'>prout</span> <span class='ocrx_word' id='word_1_101' title='bbox 657 693 755 725; x_wconf 86' lang='lat' dir='ltr'>cuique</span> <span class='ocrx_word' id='word_1_102' title='bbox 772 691 898 718; x_wconf 78' lang='lat' dir='ltr'>convenit</span> 
     </span>
     <span class='ocr_line' id='line_1_16' title="bbox 116 736 899 772; baseline 0.003 -11"><span class='ocrx_word' id='word_1_103' title='bbox 116 743 169 761; x_wconf 90' lang='lat' dir='ltr'>non</span> <span class='ocrx_word' id='word_1_104' title='bbox 198 736 399 770; x_wconf 42' lang='lat' dir='ltr'>{gum-abimum</span> <span class='ocrx_word' id='word_1_105' title='bbox 419 737 457 763; x_wconf 89' lang='lat' dir='ltr'>sic</span> <span class='ocrx_word' id='word_1_106' title='bbox 484 737 565 763; x_wconf 87' lang='lat' dir='ltr'>etiam</span> <span class='ocrx_word' id='word_1_107' title='bbox 582 745 655 763; x_wconf 89' lang='lat' dir='ltr'>nunc</span> <span class='ocrx_word' id='word_1_108' title='bbox 669 744 800 772; x_wconf 79' lang='lat' dir='ltr'>gcnncma</span> <span class='ocrx_word' id='word_1_109' title='bbox 816 741 842 763; x_wconf 89' lang='lat' dir='ltr'>et</span> <span class='ocrx_word' id='word_1_110' title='bbox 861 737 899 763; x_wconf 83' lang='lat' dir='ltr'>sa-</span> 
     </span>
     <span class='ocr_line' id='line_1_17' title="bbox 115 782 900 815; baseline 0.003 -8"><span class='ocrx_word' id='word_1_111' title='bbox 115 787 192 808; x_wconf 82' lang='lat' dir='ltr'>ctura</span> <span class='ocrx_word' id='word_1_112' title='bbox 207 791 268 809; x_wconf 83' lang='lat' dir='ltr'>cum</span> <span class='ocrx_word' id='word_1_113' title='bbox 287 783 319 809; x_wconf 87' lang='lat' dir='ltr'>de</span> <span class='ocrx_word' id='word_1_114' title='bbox 337 783 431 809; x_wconf 80' lang='lat' dir='ltr'>eodem</span> <span class='ocrx_word' id='word_1_115' title='bbox 452 783 590 810; x_wconf 87' lang='lat' dir='ltr'>nominata</span> <span class='ocrx_word' id='word_1_116' title='bbox 611 784 675 815; x_wconf 86' lang='lat' dir='ltr'>siut,</span> <span class='ocrx_word' id='word_1_117' title='bbox 689 791 721 810; x_wconf 81' lang='lat' dir='ltr'>ex</span> <span class='ocrx_word' id='word_1_118' title='bbox 739 783 851 810; x_wconf 84' lang='lat' dir='ltr'>vocibus</span> <span class='ocrx_word' id='word_1_119' title='bbox 868 782 900 809; x_wconf 84' lang='lat' dir='ltr'>ad</span> 
     </span>
    </p>
   </div>
   <div class='ocr_carea' id='block_1_5' title="bbox 952 191 1742 591">
    <p class='ocr_par' dir='ltr' id='par_1_5' title="bbox 952 191 1742 591">
     <span class='ocr_line' id='line_1_18' title="bbox 953 191 1739 227; baseline 0 -11"><span class='ocrx_word' id='word_1_120' title='bbox 953 192 1108 225; x_wconf 80' lang='grc' dir='ltr'>Προφήτης,</span> <span class='ocrx_word' id='word_1_121' title='bbox 1138 191 1317 225; x_wconf 74' lang='grc' dir='ltr'><strong>κατηρτίσθαι</strong></span> <span class='ocrx_word' id='word_1_122' title='bbox 1343 193 1389 218; x_wconf 72' lang='grc' dir='ltr'>καὶ</span> <span class='ocrx_word' id='word_1_123' title='bbox 1412 193 1477 227; x_wconf 77' lang='grc' dir='ltr'>ήμῖν</span> <span class='ocrx_word' id='word_1_124' title='bbox 1501 193 1569 227; x_wconf 65' lang='grc' dir='ltr'>πρὸς</span> <span class='ocrx_word' id='word_1_125' title='bbox 1595 191 1678 227; x_wconf 83' lang='grc' dir='ltr'>ἀκοήν</span> <span class='ocrx_word' id='word_1_126' title='bbox 1694 191 1739 217; x_wconf 72' lang='grc' dir='ltr'>εὐ-</span> 
     </span>
     <span class='ocr_line' id='line_1_19' title="bbox 954 235 1741 272; baseline 0.001 -11"><span class='ocrx_word' id='word_1_127' title='bbox 954 236 1072 267; x_wconf 74' lang='grc' dir='ltr'>σύνετον,</span> <span class='ocrx_word' id='word_1_128' title='bbox 1099 235 1293 270; x_wconf 77' lang='grc' dir='ltr'>ὁμολογοῦμεν.</span> <span class='ocrx_word' id='word_1_129' title='bbox 1315 237 1413 272; x_wconf 79' lang='grc' dir='ltr'>Διόπερ</span> <span class='ocrx_word' id='word_1_130' title='bbox 1441 238 1516 264; x_wconf 72' lang='grc' dir='ltr'>οὐδὲν</span> <span class='ocrx_word' id='word_1_131' title='bbox 1541 237 1584 263; x_wconf 79' lang='grc' dir='ltr'>διὰ</span> <span class='ocrx_word' id='word_1_132' title='bbox 1607 237 1654 272; x_wconf 81' lang='grc' dir='ltr'>τῆς</span> <span class='ocrx_word' id='word_1_133' title='bbox 1680 245 1741 262; x_wconf 86' lang='grc' dir='ltr'>συν-</span> 
     </span>
     <span class='ocr_line' id='line_1_20' title="bbox 952 281 1739 316; baseline 0 -10"><span class='ocrx_word' id='word_1_134' title='bbox 952 281 1048 315; x_wconf 77' lang='grc' dir='ltr'>αφείας</span> <span class='ocrx_word' id='word_1_135' title='bbox 1073 281 1126 306; x_wconf 79' lang='grc' dir='ltr'>τῶν</span> <span class='ocrx_word' id='word_1_136' title='bbox 1145 281 1332 316; x_wconf 83' lang='grc' dir='ltr'>ἀκοινωνήτων</span> <span class='ocrx_word' id='word_1_137' title='bbox 1354 282 1491 316; x_wconf 80' lang='grc' dir='ltr'>ὀνομάτων</span> <span class='ocrx_word' id='word_1_138' title='bbox 1510 282 1549 313; x_wconf 78' lang='grc' dir='ltr'>εἰς</span> <span class='ocrx_word' id='word_1_139' title='bbox 1566 282 1614 316; x_wconf 80' lang='grc' dir='ltr'>τὴν</span> <span class='ocrx_word' id='word_1_140' title='bbox 1629 281 1682 307; x_wconf 83' lang='grc' dir='ltr'>τῶν</span> <span class='ocrx_word' id='word_1_141' title='bbox 1693 290 1739 316; x_wconf 68' lang='grc' dir='ltr'>ση·</span> 
     </span>
     <span class='ocr_line' id='line_1_21' title="bbox 954 327 1740 362; baseline -0.003 -8"><span class='ocrx_word' id='word_1_142' title='bbox 954 328 1123 362; x_wconf 68' lang='grc' dir='ltr'>μαινομένων</span> <span class='ocrx_word' id='word_1_143' title='bbox 1138 327 1266 362; x_wconf 84' lang='grc' dir='ltr'>σύγχυσιν</span> <span class='ocrx_word' id='word_1_144' title='bbox 1283 327 1444 362; x_wconf 79' lang='grc' dir='ltr'>ὑπαγόμεθα</span> <span class='ocrx_word' id='word_1_145' title='bbox 1457 336 1463 342; x_wconf 89' lang='grc'><em>·</em></span> <span class='ocrx_word' id='word_1_146' title='bbox 1481 328 1547 354; x_wconf 74' lang='grc' dir='ltr'>ἀλλὰ</span> <span class='ocrx_word' id='word_1_147' title='bbox 1560 327 1610 353; x_wconf 79' lang='grc' dir='ltr'>κᾶν</span> <span class='ocrx_word' id='word_1_148' title='bbox 1626 328 1639 353; x_wconf 85' lang='grc' dir='ltr'>ὁ</span> <span class='ocrx_word' id='word_1_149' title='bbox 1654 327 1740 361; x_wconf 84' lang='grc' dir='ltr'>μέγας</span> 
     </span>
     <span class='ocr_line' id='line_1_22' title="bbox 960 372 1739 409; baseline -0.001 -11"><span class='ocrx_word' id='word_1_150' title='bbox 960 372 1194 404; x_wconf 67' lang='grc' dir='ltr'>Ἀπόστολοςκατὰ</span> <span class='ocrx_word' id='word_1_151' title='bbox 1212 373 1309 399; x_wconf 72' lang='grc' dir='ltr'>ταύτὸν</span> <span class='ocrx_word' id='word_1_152' title='bbox 1336 373 1454 409; x_wconf 81' lang='grc' dir='ltr'>ὀνομάσῃ</span> <span class='ocrx_word' id='word_1_153' title='bbox 1480 373 1545 406; x_wconf 77' lang='grc' dir='ltr'>ξύλα</span> <span class='ocrx_word' id='word_1_154' title='bbox 1563 373 1610 399; x_wconf 65' lang='grc' dir='ltr'>καὶ</span> <span class='ocrx_word' id='word_1_155' title='bbox 1633 372 1739 407; x_wconf 82' lang='grc' dir='ltr'>χόρτον,</span> 
     </span>
     <span class='ocr_line' id='line_1_23' title="bbox 954 419 1741 455; baseline -0.003 -9"><span class='ocrx_word' id='word_1_156' title='bbox 954 420 999 446; x_wconf 67' lang='grc' dir='ltr'>καὶ</span> <span class='ocrx_word' id='word_1_157' title='bbox 1014 420 1148 455; x_wconf 81' lang='grc' dir='ltr'>καλάμην,</span> <span class='ocrx_word' id='word_1_158' title='bbox 1165 420 1262 454; x_wconf 81' lang='grc' dir='ltr'>χρυσόν</span> <span class='ocrx_word' id='word_1_159' title='bbox 1285 429 1314 446; x_wconf 88' lang='grc' dir='ltr'>τε</span> <span class='ocrx_word' id='word_1_160' title='bbox 1337 420 1382 446; x_wconf 72' lang='grc' dir='ltr'>καὶ</span> <span class='ocrx_word' id='word_1_161' title='bbox 1401 419 1519 455; x_wconf 80' lang='grc' dir='ltr'>ἄργυρον</span> <span class='ocrx_word' id='word_1_162' title='bbox 1535 421 1581 446; x_wconf 76' lang='grc' dir='ltr'>καὶ</span> <span class='ocrx_word' id='word_1_163' title='bbox 1599 419 1688 450; x_wconf 82' lang='grc' dir='ltr'>λίθους</span> <span class='ocrx_word' id='word_1_164' title='bbox 1701 427 1741 444; x_wconf 82' lang='grc' dir='ltr'>τι·</span> 
     </span>
     <span class='ocr_line' id='line_1_24' title="bbox 955 465 1738 500; baseline -0.003 -9"><span class='ocrx_word' id='word_1_165' title='bbox 955 465 1046 500; x_wconf 80' lang='grc' dir='ltr'>μίους·</span> <span class='ocrx_word' id='word_1_166' title='bbox 1061 465 1106 491; x_wconf 87' lang='grc' dir='ltr'>καὶ</span> <span class='ocrx_word' id='word_1_167' title='bbox 1121 465 1166 491; x_wconf 65' lang='grc' dir='ltr'>τὸν</span> <span class='ocrx_word' id='word_1_168' title='bbox 1180 465 1294 500; x_wconf 78' lang='grc' dir='ltr'>αριθμὸν</span> <span class='ocrx_word' id='word_1_169' title='bbox 1305 465 1358 492; x_wconf 84' lang='grc' dir='ltr'>τῶν</span> <span class='ocrx_word' id='word_1_170' title='bbox 1375 465 1613 500; x_wconf 79' lang='grc' dir='ltr'>μνημονευθέντων</span> <span class='ocrx_word' id='word_1_171' title='bbox 1635 465 1680 490; x_wconf 79' lang='grc' dir='ltr'>ἐπὶ</span> <span class='ocrx_word' id='word_1_172' title='bbox 1693 473 1738 490; x_wconf 89' lang='grc' dir='ltr'>κε-</span> 
     </span>
     <span class='ocr_line' id='line_1_25' title="bbox 954 510 1741 546; baseline -0.004 -9"><span class='ocrx_word' id='word_1_173' title='bbox 954 511 1065 545; x_wconf 74' lang='grc' dir='ltr'>φαλαίου</span> <span class='ocrx_word' id='word_1_174' title='bbox 1086 511 1306 546; x_wconf 76' lang='grc' dir='ltr'>συλλογιζόμεθα,</span> <span class='ocrx_word' id='word_1_175' title='bbox 1324 512 1370 537; x_wconf 73' lang='grc' dir='ltr'>καὶ</span> <span class='ocrx_word' id='word_1_176' title='bbox 1389 511 1436 546; x_wconf 80' lang='grc' dir='ltr'>τὴν</span> <span class='ocrx_word' id='word_1_177' title='bbox 1454 511 1533 545; x_wconf 73' lang='grc' dir='ltr'>φύσιν</span> <span class='ocrx_word' id='word_1_178' title='bbox 1557 511 1672 537; x_wconf 84' lang='grc' dir='ltr'>ἑκάστου</span> <span class='ocrx_word' id='word_1_179' title='bbox 1687 510 1741 536; x_wconf 81' lang='grc' dir='ltr'>τῶν</span> 
     </span>
     <span class='ocr_line' id='line_1_26' title="bbox 953 555 1742 591; baseline -0.003 -9"><span class='ocrx_word' id='word_1_180' title='bbox 953 557 1206 591; x_wconf 81' lang='grc' dir='ltr'>κατωνομασμένων</span> <span class='ocrx_word' id='word_1_181' title='bbox 1229 556 1381 588; x_wconf 75' lang='grc' dir='ltr'>ἰδιαζόντως</span> <span class='ocrx_word' id='word_1_182' title='bbox 1402 557 1452 582; x_wconf 74' lang='grc' dir='ltr'>οὐκ</span> <span class='ocrx_word' id='word_1_183' title='bbox 1475 557 1656 591; x_wconf 74' lang='grc' dir='ltr'>ἀγνοήσομεν·</span> <span class='ocrx_word' id='word_1_184' title='bbox 1670 555 1742 581; x_wconf 70' lang='grc' dir='ltr'>οὕτω</span> 
     </span>
    </p>
   </div>
   <div class='ocr_carea' id='block_1_6' title="bbox 954 601 1787 638">
    <p class='ocr_par' dir='ltr' id='par_1_6' title="bbox 954 601 1787 638">
     <span class='ocr_line' id='line_1_27' title="bbox 954 601 1787 638; baseline -0.002 -11"><span class='ocrx_word' id='word_1_185' title='bbox 954 602 998 628; x_wconf 77' lang='grc' dir='ltr'>καὶ</span> <span class='ocrx_word' id='word_1_186' title='bbox 1017 601 1062 627; x_wconf 83' lang='grc' dir='ltr'>νῦν</span> <span class='ocrx_word' id='word_1_187' title='bbox 1074 602 1240 637; x_wconf 79' lang='grc' dir='ltr'>γεννήματος</span> <span class='ocrx_word' id='word_1_188' title='bbox 1254 602 1300 628; x_wconf 75' lang='grc' dir='ltr'>καὶ</span> <span class='ocrx_word' id='word_1_189' title='bbox 1322 603 1472 637; x_wconf 79' lang='grc' dir='ltr'>ποιήματος</span> <span class='ocrx_word' id='word_1_190' title='bbox 1481 601 1551 627; x_wconf 77' lang='grc' dir='ltr'>κατὰ</span> <span class='ocrx_word' id='word_1_191' title='bbox 1562 601 1659 627; x_wconf 72' lang='grc' dir='ltr'>ταύτὸν</span> <span class='ocrx_word' id='word_1_192' title='bbox 1673 608 1741 634; x_wconf 88' lang='grc' dir='ltr'>μνη-</span> <span class='ocrx_word' id='word_1_193' title='bbox 1778 633 1787 638; x_wconf 88' lang='lat'><strong>.</strong></span> 
     </span>
    </p>
   </div>
   <div class='ocr_carea' id='block_1_7' title="bbox 953 645 1742 820">
    <p class='ocr_par' dir='ltr' id='par_1_7' title="bbox 953 645 1742 820">
     <span class='ocr_line' id='line_1_28' title="bbox 955 645 1741 682; baseline -0.004 -9"><span class='ocrx_word' id='word_1_194' title='bbox 955 647 1147 681; x_wconf 83' lang='grc' dir='ltr'>μονευθέντων,</span> <span class='ocrx_word' id='word_1_195' title='bbox 1169 649 1200 674; x_wconf 81' lang='grc' dir='ltr'>ἐκ</span> <span class='ocrx_word' id='word_1_196' title='bbox 1225 647 1278 673; x_wconf 81' lang='grc' dir='ltr'>τῶν</span> <span class='ocrx_word' id='word_1_197' title='bbox 1308 647 1404 682; x_wconf 76' lang='grc' dir='ltr'>φωνῶν</span> <span class='ocrx_word' id='word_1_198' title='bbox 1429 647 1475 672; x_wconf 74' lang='grc' dir='ltr'>ἐπὶ</span> <span class='ocrx_word' id='word_1_199' title='bbox 1497 646 1531 672; x_wconf 78' lang='grc' dir='ltr'>τὰ</span> <span class='ocrx_word' id='word_1_200' title='bbox 1556 645 1741 681; x_wconf 77' lang='grc' dir='ltr'>σημαινόμενα</span> 
     </span>
     <span class='ocr_line' id='line_1_29' title="bbox 956 691 1742 728; baseline -0.003 -10"><span class='ocrx_word' id='word_1_201' title='bbox 956 692 1132 726; x_wconf 72' lang='grc' dir='ltr'>μεταὸάντες,</span> <span class='ocrx_word' id='word_1_202' title='bbox 1148 693 1178 719; x_wconf 75' lang='grc' dir='ltr'>οὺ</span> <span class='ocrx_word' id='word_1_203' title='bbox 1189 693 1236 728; x_wconf 80' lang='grc' dir='ltr'>τὴν</span> <span class='ocrx_word' id='word_1_204' title='bbox 1251 693 1335 727; x_wconf 75' lang='grc' dir='ltr'>αὐτὴν</span> <span class='ocrx_word' id='word_1_205' title='bbox 1358 693 1465 727; x_wconf 78' lang='grc' dir='ltr'>ἑκάστῳ</span> <span class='ocrx_word' id='word_1_206' title='bbox 1484 692 1536 717; x_wconf 83' lang='grc' dir='ltr'>τῶν</span> <span class='ocrx_word' id='word_1_207' title='bbox 1549 691 1686 726; x_wconf 82' lang='grc' dir='ltr'>ὀνομάτων</span> <span class='ocrx_word' id='word_1_208' title='bbox 1700 692 1742 716; x_wconf 82' lang='grc' dir='ltr'>ὲν-</span> 
     </span>
     <span class='ocr_line' id='line_1_30' title="bbox 954 736 1742 773; baseline -0.001 -10"><span class='ocrx_word' id='word_1_209' title='bbox 954 737 1110 773; x_wconf 81' lang='grc' dir='ltr'>Οεωροῦμεν</span> <span class='ocrx_word' id='word_1_210' title='bbox 1138 738 1266 764; x_wconf 80' lang='grc' dir='ltr'>διάνοιαν.</span> <span class='ocrx_word' id='word_1_211' title='bbox 1284 739 1364 764; x_wconf 77' lang='grc' dir='ltr'>’Ἄλλο</span> <span class='ocrx_word' id='word_1_212' title='bbox 1389 739 1443 773; x_wconf 81' lang='grc' dir='ltr'>γάρ</span> <span class='ocrx_word' id='word_1_213' title='bbox 1464 747 1490 764; x_wconf 89' lang='grc' dir='ltr'>τι</span> <span class='ocrx_word' id='word_1_214' title='bbox 1513 738 1543 764; x_wconf 81' lang='grc' dir='ltr'>τὸ</span> <span class='ocrx_word' id='word_1_215' title='bbox 1566 737 1676 772; x_wconf 82' lang='grc' dir='ltr'>κτίσμα,</span> <span class='ocrx_word' id='word_1_216' title='bbox 1694 736 1742 762; x_wconf 82' lang='grc' dir='ltr'>καὶ</span> 
     </span>
     <span class='ocr_line' id='line_1_31' title="bbox 953 785 1742 820; baseline -0.004 -10"><span class='ocrx_word' id='word_1_217' title='bbox 953 785 1044 818; x_wconf 72' lang='grc' dir='ltr'>ἕτερον</span> <span class='ocrx_word' id='word_1_218' title='bbox 1066 785 1194 818; x_wconf 75' lang='grc' dir='ltr'>σημαίνει</span> <span class='ocrx_word' id='word_1_219' title='bbox 1217 785 1246 810; x_wconf 75' lang='grc' dir='ltr'>τὸ</span> <span class='ocrx_word' id='word_1_220' title='bbox 1264 786 1384 820; x_wconf 85' lang='grc' dir='ltr'>γέννημα</span> <span class='ocrx_word' id='word_1_221' title='bbox 1401 793 1407 800; x_wconf 89' lang='grc'><em>·</em></span> <span class='ocrx_word' id='word_1_222' title='bbox 1424 785 1492 810; x_wconf 83' lang='grc' dir='ltr'>ὥστε</span> <span class='ocrx_word' id='word_1_223' title='bbox 1508 785 1559 810; x_wconf 66' lang='grc' dir='ltr'>κᾶν</span> <span class='ocrx_word' id='word_1_224' title='bbox 1576 785 1676 814; x_wconf 79' lang='grc' dir='ltr'>ἐκεῖνος</span> <span class='ocrx_word' id='word_1_225' title='bbox 1698 791 1742 817; x_wconf 90' lang='grc' dir='ltr'>μι-</span> 
     </span>
    </p>
   </div>
   <div class='ocr_carea' id='block_1_8' title="bbox 115 828 1741 865">
    <p class='ocr_par' dir='ltr' id='par_1_8' title="bbox 115 828 1741 865">
     <span class='ocr_line' id='line_1_32' title="bbox 115 828 1741 865; baseline -0.001 -11"><span class='ocrx_word' id='word_1_226' title='bbox 115 828 265 860; x_wconf 67' lang='lat' dir='ltr'>significata</span> <span class='ocrx_word' id='word_1_227' title='bbox 290 833 474 859; x_wconf 78' lang='lat' dir='ltr'>transeuntes,</span> <span class='ocrx_word' id='word_1_228' title='bbox 500 837 553 855; x_wconf 89' lang='lat' dir='ltr'>non</span> <span class='ocrx_word' id='word_1_229' title='bbox 585 829 708 856; x_wconf 83' lang='lat' dir='ltr'>camdem</span> <span class='ocrx_word' id='word_1_230' title='bbox 735 829 762 855; x_wconf 88' lang='lat' dir='ltr'>in</span> <span class='ocrx_word' id='word_1_231' title='bbox 791 836 899 863; x_wconf 81' lang='lat' dir='ltr'>quoque</span> <span class='ocrx_word' id='word_1_232' title='bbox 915 834 935 860; x_wconf 81' lang='grc' dir='ltr'><strong>Β</strong></span> <span class='ocrx_word' id='word_1_233' title='bbox 951 829 1018 864; x_wconf 78' lang='grc' dir='ltr'>γνὺῃ</span> <span class='ocrx_word' id='word_1_234' title='bbox 1030 829 1064 855; x_wconf 74' lang='grc' dir='ltr'>τὰ</span> <span class='ocrx_word' id='word_1_235' title='bbox 1082 830 1200 863; x_wconf 77' lang='grc' dir='ltr'>ἄμικτα·</span> <span class='ocrx_word' id='word_1_236' title='bbox 1216 831 1229 856; x_wconf 82' lang='grc' dir='ltr'>ὁ</span> <span class='ocrx_word' id='word_1_237' title='bbox 1248 831 1356 861; x_wconf 78' lang='grc' dir='ltr'>συνετὸς</span> <span class='ocrx_word' id='word_1_238' title='bbox 1376 830 1513 865; x_wconf 80' lang='grc' dir='ltr'>ἀκροατής</span> <span class='ocrx_word' id='word_1_239' title='bbox 1529 828 1741 863; x_wconf 79' lang='grc' dir='ltr'>διακεκριμένως</span> 
     </span>
    </p>
   </div>
   <div class='ocr_carea' id='block_1_9' title="bbox 114 873 905 1317">
    <p class='ocr_par' dir='ltr' id='par_1_9' title="bbox 114 873 905 1317">
     <span class='ocr_line' id='line_1_33' title="bbox 116 873 897 908; baseline 0.003 -10"><span class='ocrx_word' id='word_1_240' title='bbox 116 873 256 899; x_wconf 87' lang='lat' dir='ltr'>nominum</span> <span class='ocrx_word' id='word_1_241' title='bbox 283 874 490 908; x_wconf 60' lang='lat' dir='ltr'>intelligentiam</span> <span class='ocrx_word' id='word_1_242' title='bbox 523 875 661 901; x_wconf 86' lang='lat' dir='ltr'>intuemur</span> <span class='ocrx_word' id='word_1_243' title='bbox 688 884 695 901; x_wconf 76' lang='lat'>2</span> <span class='ocrx_word' id='word_1_244' title='bbox 726 874 799 901; x_wconf 83' lang='lat' dir='ltr'>aliud</span> <span class='ocrx_word' id='word_1_245' title='bbox 825 875 897 901; x_wconf 91' lang='lat' dir='ltr'>enim</span> 
     </span>
     <span class='ocr_line' id='line_1_34' title="bbox 115 917 903 953; baseline 0.004 -11"><span class='ocrx_word' id='word_1_246' title='bbox 115 917 144 942; x_wconf 68' lang='grc' dir='ltr'>τὸ</span> <span class='ocrx_word' id='word_1_247' title='bbox 161 918 262 952; x_wconf 70' lang='grc' dir='ltr'>κτίσμα</span> <span class='ocrx_word' id='word_1_248' title='bbox 286 918 447 952; x_wconf 78' lang='lat' dir='ltr'>(ereatura),</span> <span class='ocrx_word' id='word_1_249' title='bbox 469 919 541 946; x_wconf 87' lang='lat' dir='ltr'>aliud</span> <span class='ocrx_word' id='word_1_250' title='bbox 564 928 629 946; x_wconf 73' lang='lat' dir='ltr'>vcro</span> <span class='ocrx_word' id='word_1_251' title='bbox 650 919 785 953; x_wconf 75' lang='lat' dir='ltr'>significat</span> <span class='ocrx_word' id='word_1_252' title='bbox 800 920 829 944; x_wconf 68' lang='grc' dir='ltr'>τὸ</span> <span class='ocrx_word' id='word_1_253' title='bbox 841 919 903 952; x_wconf 90' lang='grc' dir='ltr'>γε’ν-</span> 
     </span>
     <span class='ocr_line' id='line_1_35' title="bbox 114 964 904 999; baseline 0.005 -11"><span class='ocrx_word' id='word_1_254' title='bbox 114 972 187 997; x_wconf 79' lang='grc' dir='ltr'>νημα</span> <span class='ocrx_word' id='word_1_255' title='bbox 225 964 361 997; x_wconf 68' lang='lat' dir='ltr'>(qemun-a</span> <span class='ocrx_word' id='word_1_256' title='bbox 389 964 446 992; x_wconf 83' lang='lat' dir='ltr'>sive</span> <span class='ocrx_word' id='word_1_257' title='bbox 472 965 622 999; x_wconf 71' lang='lat' dir='ltr'>proflenies)</span> <span class='ocrx_word' id='word_1_258' title='bbox 664 964 702 990; x_wconf 88' lang='lat' dir='ltr'>lta</span> <span class='ocrx_word' id='word_1_259' title='bbox 731 968 760 990; x_wconf 91' lang='lat' dir='ltr'>ut</span> <span class='ocrx_word' id='word_1_260' title='bbox 787 965 838 991; x_wconf 82' lang='lat' dir='ltr'>etsi</span> <span class='ocrx_word' id='word_1_261' title='bbox 860 965 904 992; x_wconf 84' lang='lat' dir='ltr'>ille</span> 
     </span>
     <span class='ocr_line' id='line_1_36' title="bbox 115 1008 905 1044; baseline 0.005 -11"><span class='ocrx_word' id='word_1_262' title='bbox 115 1008 229 1034; x_wconf 84' lang='lat' dir='ltr'>misceat</span> <span class='ocrx_word' id='word_1_263' title='bbox 260 1016 292 1034; x_wconf 79' lang='lat' dir='ltr'>ca</span> <span class='ocrx_word' id='word_1_264' title='bbox 317 1016 376 1042; x_wconf 68' lang='lat' dir='ltr'>qua}</span> <span class='ocrx_word' id='word_1_265' title='bbox 398 1013 540 1044; x_wconf 85' lang='lat' dir='ltr'>nequeunt</span> <span class='ocrx_word' id='word_1_266' title='bbox 565 1010 737 1037; x_wconf 81' lang='lat' dir='ltr'>commisceri</span> <span class='ocrx_word' id='word_1_267' title='bbox 763 1020 769 1037; x_wconf 88' lang='lat'><strong>:</strong></span> <span class='ocrx_word' id='word_1_268' title='bbox 805 1011 905 1038; x_wconf 84' lang='lat' dir='ltr'>intelli-</span> 
     </span>
     <span class='ocr_line' id='line_1_37' title="bbox 115 1054 899 1087; baseline 0.003 -7"><span class='ocrx_word' id='word_1_269' title='bbox 115 1061 183 1087; x_wconf 74' lang='lat' dir='ltr'>gens</span> <span class='ocrx_word' id='word_1_270' title='bbox 211 1054 320 1081; x_wconf 83' lang='lat' dir='ltr'>auditor</span> <span class='ocrx_word' id='word_1_271' title='bbox 345 1054 474 1081; x_wconf 85' lang='lat' dir='ltr'>distincte</span> <span class='ocrx_word' id='word_1_272' title='bbox 497 1054 589 1081; x_wconf 86' lang='lat' dir='ltr'>audiet</span> <span class='ocrx_word' id='word_1_273' title='bbox 612 1058 638 1081; x_wconf 86' lang='lat' dir='ltr'>et</span> <span class='ocrx_word' id='word_1_274' title='bbox 656 1055 855 1082; x_wconf 84' lang='lat' dir='ltr'>demonstrabit</span> <span class='ocrx_word' id='word_1_275' title='bbox 867 1064 899 1083; x_wconf 84' lang='lat' dir='ltr'>ex</span> 
     </span>
     <span class='ocr_line' id='line_1_38' title="bbox 115 1099 901 1136; baseline 0.003 -10"><span class='ocrx_word' id='word_1_276' title='bbox 115 1099 158 1126; x_wconf 74' lang='lat' dir='ltr'>his</span> <span class='ocrx_word' id='word_1_277' title='bbox 186 1107 247 1127; x_wconf 79' lang='lat' dir='ltr'>csse</span> <span class='ocrx_word' id='word_1_278' title='bbox 276 1108 336 1134; x_wconf 79' lang='lat' dir='ltr'>quae</span> <span class='ocrx_word' id='word_1_279' title='bbox 365 1100 423 1127; x_wconf 78' lang='lat' dir='ltr'>lieri</span> <span class='ocrx_word' id='word_1_280' title='bbox 448 1108 501 1127; x_wconf 91' lang='lat' dir='ltr'>nou</span> <span class='ocrx_word' id='word_1_281' title='bbox 526 1104 653 1134; x_wconf 79' lang='lat' dir='ltr'>possunt,</span> <span class='ocrx_word' id='word_1_282' title='bbox 673 1101 841 1136; x_wconf 79' lang='grc' dir='ltr'>γεννήματος</span> <span class='ocrx_word' id='word_1_283' title='bbox 855 1109 901 1136; x_wconf 85' lang='lat' dir='ltr'>ge-</span> 
     </span>
     <span class='ocr_line' id='line_1_39' title="bbox 116 1145 899 1181; baseline 0.004 -11"><span class='ocrx_word' id='word_1_284' title='bbox 116 1145 213 1172; x_wconf 82' lang='lat' dir='ltr'>niturae</span> <span class='ocrx_word' id='word_1_285' title='bbox 237 1150 264 1173; x_wconf 88' lang='lat' dir='ltr'>ct</span> <span class='ocrx_word' id='word_1_286' title='bbox 287 1146 434 1180; x_wconf 76' lang='grc' dir='ltr'>κτίσματος</span> <span class='ocrx_word' id='word_1_287' title='bbox 456 1146 570 1173; x_wconf 66' lang='lat' dir='ltr'>facturae</span> <span class='ocrx_word' id='word_1_288' title='bbox 587 1146 796 1181; x_wconf 79' lang='lat' dir='ltr'>appellationem</span> <span class='ocrx_word' id='word_1_289' title='bbox 819 1155 899 1174; x_wconf 88' lang='lat' dir='ltr'>unam</span> 
     </span>
     <span class='ocr_line' id='line_1_40' title="bbox 116 1191 900 1226; baseline 0.006 -11"><span class='ocrx_word' id='word_1_290' title='bbox 116 1191 233 1224; x_wconf 79' lang='lat' dir='ltr'>aliquam</span> <span class='ocrx_word' id='word_1_291' title='bbox 260 1191 288 1218; x_wconf 87' lang='lat' dir='ltr'>in</span> <span class='ocrx_word' id='word_1_292' title='bbox 312 1192 430 1226; x_wconf 82' lang='lat' dir='ltr'>seipsam</span> <span class='ocrx_word' id='word_1_293' title='bbox 460 1193 582 1226; x_wconf 85' lang='lat' dir='ltr'>recipere</span> <span class='ocrx_word' id='word_1_294' title='bbox 608 1197 744 1219; x_wconf 84' lang='lat' dir='ltr'>naturam.</span> <span class='ocrx_word' id='word_1_295' title='bbox 771 1193 799 1219; x_wconf 87' lang='lat' dir='ltr'>Si</span> <span class='ocrx_word' id='word_1_296' title='bbox 828 1194 900 1220; x_wconf 89' lang='lat' dir='ltr'>enim</span> 
     </span>
     <span class='ocr_line' id='line_1_41' title="bbox 116 1235 902 1270; baseline 0.004 -10"><span class='ocrx_word' id='word_1_297' title='bbox 116 1235 212 1261; x_wconf 85' lang='lat' dir='ltr'>horum</span> <span class='ocrx_word' id='word_1_298' title='bbox 229 1236 345 1262; x_wconf 83' lang='lat' dir='ltr'>alterum</span> <span class='ocrx_word' id='word_1_299' title='bbox 360 1236 487 1263; x_wconf 75' lang='lat' dir='ltr'>veredici</span> <span class='ocrx_word' id='word_1_300' title='bbox 507 1240 609 1270; x_wconf 85' lang='lat' dir='ltr'>posset,</span> <span class='ocrx_word' id='word_1_301' title='bbox 623 1236 794 1263; x_wconf 81' lang='lat' dir='ltr'>mendacium</span> <span class='ocrx_word' id='word_1_302' title='bbox 807 1243 902 1263; x_wconf 86' lang='lat' dir='ltr'>ueces-</span> 
     </span>
     <span class='ocr_line' id='line_1_42' title="bbox 116 1281 900 1317; baseline 0.006 -12"><span class='ocrx_word' id='word_1_303' title='bbox 116 1281 189 1308; x_wconf 76' lang='lat' dir='ltr'>sario</span> <span class='ocrx_word' id='word_1_304' title='bbox 202 1282 253 1308; x_wconf 85' lang='lat' dir='ltr'>crit</span> <span class='ocrx_word' id='word_1_305' title='bbox 270 1282 395 1309; x_wconf 68' lang='lat' dir='ltr'>alterum.</span> <span class='ocrx_word' id='word_1_306' title='bbox 416 1281 506 1314; x_wconf 81' lang='lat' dir='ltr'>Quare</span> <span class='ocrx_word' id='word_1_307' title='bbox 529 1282 551 1309; x_wconf 92' lang='lat' dir='ltr'>si</span> <span class='ocrx_word' id='word_1_308' title='bbox 572 1282 674 1317; x_wconf 80' lang='grc' dir='ltr'>κτίσμα</span> <span class='ocrx_word' id='word_1_309' title='bbox 693 1281 799 1308; x_wconf 78' lang='lat' dir='ltr'>factura</span> <span class='ocrx_word' id='word_1_310' title='bbox 816 1288 900 1316; x_wconf 83' lang='lat' dir='ltr'>essct,</span> 
     </span>
    </p>
   </div>
   <div class='ocr_carea' id='block_1_10' title="bbox 953 873 1743 1322">
    <p class='ocr_par' dir='ltr' id='par_1_10' title="bbox 953 873 1743 1322">
     <span class='ocr_line' id='line_1_43' title="bbox 953 873 1741 908; baseline -0.003 -8"><span class='ocrx_word' id='word_1_311' title='bbox 953 875 1096 901; x_wconf 77' lang='grc' dir='ltr'>ἀκούσεται</span> <span class='ocrx_word' id='word_1_312' title='bbox 1112 875 1157 901; x_wconf 76' lang='grc' dir='ltr'>καὶ</span> <span class='ocrx_word' id='word_1_313' title='bbox 1175 875 1254 907; x_wconf 77' lang='grc' dir='ltr'>δείξει</span> <span class='ocrx_word' id='word_1_314' title='bbox 1266 876 1318 901; x_wconf 80' lang='grc' dir='ltr'>τῶν</span> <span class='ocrx_word' id='word_1_315' title='bbox 1333 875 1470 902; x_wconf 86' lang='grc' dir='ltr'>ἀδυνάτων</span> <span class='ocrx_word' id='word_1_316' title='bbox 1485 873 1552 900; x_wconf 77' lang='grc' dir='ltr'>εἶναι</span> <span class='ocrx_word' id='word_1_317' title='bbox 1567 874 1614 908; x_wconf 78' lang='grc' dir='ltr'>τὴν</span> <span class='ocrx_word' id='word_1_318' title='bbox 1626 873 1671 899; x_wconf 73' lang='grc' dir='ltr'>τοῦ</span> <span class='ocrx_word' id='word_1_319' title='bbox 1681 881 1741 906; x_wconf 83' lang='grc' dir='ltr'>γεν-</span> 
     </span>
     <span class='ocr_line' id='line_1_44' title="bbox 953 917 1741 955; baseline -0.004 -10"><span class='ocrx_word' id='word_1_320' title='bbox 953 921 1071 954; x_wconf 75' lang='grc' dir='ltr'>νήματος</span> <span class='ocrx_word' id='word_1_321' title='bbox 1092 920 1138 946; x_wconf 66' lang='grc' dir='ltr'>καὶ</span> <span class='ocrx_word' id='word_1_322' title='bbox 1161 920 1209 954; x_wconf 81' lang='grc' dir='ltr'>τὴν</span> <span class='ocrx_word' id='word_1_323' title='bbox 1234 920 1279 946; x_wconf 78' lang='grc' dir='ltr'>τοῦ</span> <span class='ocrx_word' id='word_1_324' title='bbox 1294 921 1441 955; x_wconf 83' lang='grc' dir='ltr'>κτίσματος</span> <span class='ocrx_word' id='word_1_325' title='bbox 1463 919 1657 954; x_wconf 68' lang='grc' dir='ltr'>προσηγορίαν,</span> <span class='ocrx_word' id='word_1_326' title='bbox 1680 917 1741 952; x_wconf 83' lang='grc' dir='ltr'>μίαν</span> 
     </span>
     <span class='ocr_line' id='line_1_45' title="bbox 954 963 1742 1001; baseline -0.005 -10"><span class='ocrx_word' id='word_1_327' title='bbox 954 966 1013 991; x_wconf 73' lang='grc' dir='ltr'>τινὰ</span> <span class='ocrx_word' id='word_1_328' title='bbox 1037 966 1117 999; x_wconf 76' lang='grc' dir='ltr'>φύσιν</span> <span class='ocrx_word' id='word_1_329' title='bbox 1142 967 1181 996; x_wconf 83' lang='grc' dir='ltr'>είς</span> <span class='ocrx_word' id='word_1_330' title='bbox 1209 967 1307 1001; x_wconf 77' lang='grc' dir='ltr'>ἑαυτήν</span> <span class='ocrx_word' id='word_1_331' title='bbox 1329 965 1462 1000; x_wconf 80' lang='grc' dir='ltr'>δέχεσθαι.</span> <span class='ocrx_word' id='word_1_332' title='bbox 1482 965 1512 990; x_wconf 84' lang='grc' dir='ltr'>Εἰ</span> <span class='ocrx_word' id='word_1_333' title='bbox 1535 965 1588 999; x_wconf 72' lang='grc' dir='ltr'>γάρ</span> <span class='ocrx_word' id='word_1_334' title='bbox 1603 964 1633 989; x_wconf 84' lang='grc' dir='ltr'>τὸ</span> <span class='ocrx_word' id='word_1_335' title='bbox 1649 963 1742 997; x_wconf 64' lang='grc' dir='ltr'>’ἕτερον</span> 
     </span>
     <span class='ocr_line' id='line_1_46' title="bbox 954 1008 1742 1047; baseline -0.005 -9"><span class='ocrx_word' id='word_1_336' title='bbox 954 1011 1111 1045; x_wconf 80' lang='grc' dir='ltr'>ἀληθεύοιτο</span> <span class='ocrx_word' id='word_1_337' title='bbox 1135 1012 1247 1044; x_wconf 75' lang='grc' dir='ltr'>τούτων,</span> <span class='ocrx_word' id='word_1_338' title='bbox 1277 1012 1371 1047; x_wconf 69' lang='grc' dir='ltr'>ψεῦδος</span> <span class='ocrx_word' id='word_1_339' title='bbox 1399 1012 1428 1044; x_wconf 80' lang='grc' dir='ltr'>ἐξ</span> <span class='ocrx_word' id='word_1_340' title='bbox 1457 1011 1578 1045; x_wconf 80' lang='grc' dir='ltr'>ἀνάγκης</span> <span class='ocrx_word' id='word_1_341' title='bbox 1609 1009 1684 1035; x_wconf 77' lang='grc' dir='ltr'>ἔσται</span> <span class='ocrx_word' id='word_1_342' title='bbox 1713 1008 1742 1034; x_wconf 69' lang='grc' dir='ltr'>τὸ</span> 
     </span>
     <span class='ocr_line' id='line_1_47' title="bbox 953 1054 1742 1093; baseline -0.005 -10"><span class='ocrx_word' id='word_1_343' title='bbox 953 1057 1054 1092; x_wconf 75' lang='grc' dir='ltr'>ἕτερον.</span> <span class='ocrx_word' id='word_1_344' title='bbox 1071 1059 1151 1084; x_wconf 82' lang='grc' dir='ltr'>Ὥστε</span> <span class='ocrx_word' id='word_1_345' title='bbox 1174 1059 1197 1084; x_wconf 83' lang='grc' dir='ltr'>εί</span> <span class='ocrx_word' id='word_1_346' title='bbox 1218 1058 1319 1093; x_wconf 79' lang='grc' dir='ltr'>κτίσμα</span> <span class='ocrx_word' id='word_1_347' title='bbox 1336 1058 1388 1092; x_wconf 80' lang='grc' dir='ltr'>εἴη,</span> <span class='ocrx_word' id='word_1_348' title='bbox 1410 1059 1446 1092; x_wconf 86' lang='grc' dir='ltr'>μὴ</span> <span class='ocrx_word' id='word_1_349' title='bbox 1461 1055 1529 1083; x_wconf 74' lang='grc' dir='ltr'>εἶναι</span> <span class='ocrx_word' id='word_1_350' title='bbox 1542 1056 1664 1090; x_wconf 81' lang='grc' dir='ltr'>γέννημα</span> <span class='ocrx_word' id='word_1_351' title='bbox 1676 1063 1682 1069; x_wconf 93' lang='grc'>·</span> <span class='ocrx_word' id='word_1_352' title='bbox 1696 1054 1742 1080; x_wconf 80' lang='grc' dir='ltr'>καὶ</span> 
     </span>
     <span class='ocr_line' id='line_1_48' title="bbox 953 1100 1742 1138; baseline -0.004 -9"><span class='ocrx_word' id='word_1_353' title='bbox 953 1103 982 1129; x_wconf 74' lang='grc' dir='ltr'>τὸ</span> <span class='ocrx_word' id='word_1_354' title='bbox 997 1103 1123 1138; x_wconf 77' lang='grc' dir='ltr'>ἔμπαλιν,</span> <span class='ocrx_word' id='word_1_355' title='bbox 1149 1105 1172 1130; x_wconf 87' lang='grc' dir='ltr'>εί</span> <span class='ocrx_word' id='word_1_356' title='bbox 1194 1104 1316 1138; x_wconf 82' lang='grc' dir='ltr'>γέννημα</span> <span class='ocrx_word' id='word_1_357' title='bbox 1335 1104 1450 1137; x_wconf 80' lang='grc' dir='ltr'>λέγοιτο,</span> <span class='ocrx_word' id='word_1_358' title='bbox 1477 1101 1679 1137; x_wconf 78' lang='grc' dir='ltr'>ἁλλοτριοῦσθαι</span> <span class='ocrx_word' id='word_1_359' title='bbox 1693 1100 1742 1134; x_wconf 79' lang='grc' dir='ltr'>τῆς</span> 
     </span>
     <span class='ocr_line' id='line_1_49' title="bbox 953 1148 1741 1185; baseline -0.004 -10"><span class='ocrx_word' id='word_1_360' title='bbox 953 1150 1110 1185; x_wconf 77' lang='grc' dir='ltr'>ἐπωνυμίας</span> <span class='ocrx_word' id='word_1_361' title='bbox 1124 1150 1170 1176; x_wconf 74' lang='grc' dir='ltr'>τοῦ</span> <span class='ocrx_word' id='word_1_362' title='bbox 1197 1150 1355 1185; x_wconf 82' lang='grc' dir='ltr'>κτίσματος.</span> <span class='ocrx_word' id='word_1_363' title='bbox 1373 1150 1452 1176; x_wconf 81' lang='grc' dir='ltr'>Ἀλλά</span> <span class='ocrx_word' id='word_1_364' title='bbox 1473 1150 1582 1183; x_wconf 77' lang='grc' dir='ltr'>φησινό</span> <span class='ocrx_word' id='word_1_365' title='bbox 1601 1148 1741 1181; x_wconf 80' lang='grc' dir='ltr'>Εὑνόμιος,</span> 
     </span>
     <span class='ocr_line' id='line_1_50' title="bbox 954 1192 1742 1231; baseline -0.001 -10"><span class='ocrx_word' id='word_1_366' title='bbox 954 1197 993 1226; x_wconf 83' lang='grc' dir='ltr'>εἰς</span> <span class='ocrx_word' id='word_1_367' title='bbox 1004 1196 1102 1231; x_wconf 79' lang='grc' dir='ltr'>ἑαυτὴν</span> <span class='ocrx_word' id='word_1_368' title='bbox 1128 1197 1252 1231; x_wconf 79' lang='grc' dir='ltr'>δέχεσθαι</span> <span class='ocrx_word' id='word_1_369' title='bbox 1277 1196 1324 1222; x_wconf 78' lang='grc' dir='ltr'>τοῦ</span> <span class='ocrx_word' id='word_1_370' title='bbox 1352 1196 1415 1222; x_wconf 82' lang='grc' dir='ltr'>Υίοῦ</span> <span class='ocrx_word' id='word_1_371' title='bbox 1432 1196 1479 1231; x_wconf 81' lang='grc' dir='ltr'>τὴν</span> <span class='ocrx_word' id='word_1_372' title='bbox 1497 1195 1590 1222; x_wconf 73' lang='grc' dir='ltr'>οὐσίαν</span> <span class='ocrx_word' id='word_1_373' title='bbox 1619 1194 1667 1225; x_wconf 80' lang='grc' dir='ltr'>τὰς</span> <span class='ocrx_word' id='word_1_374' title='bbox 1695 1192 1742 1218; x_wconf 75' lang='grc' dir='ltr'>τοῦ</span> 
     </span>
     <span class='ocr_line' id='line_1_51' title="bbox 954 1241 1743 1277; baseline -0.004 -10"><span class='ocrx_word' id='word_1_375' title='bbox 954 1242 1124 1276; x_wconf 77' lang='grc' dir='ltr'>γεννήματος</span> <span class='ocrx_word' id='word_1_376' title='bbox 1156 1242 1202 1268; x_wconf 81' lang='grc' dir='ltr'>καὶ</span> <span class='ocrx_word' id='word_1_377' title='bbox 1229 1243 1379 1277; x_wconf 80' lang='grc' dir='ltr'>ποιήματος</span> <span class='ocrx_word' id='word_1_378' title='bbox 1415 1242 1461 1268; x_wconf 76' lang='grc' dir='ltr'>καὶ</span> <span class='ocrx_word' id='word_1_379' title='bbox 1487 1241 1634 1276; x_wconf 82' lang='grc' dir='ltr'>κτίσματος</span> <span class='ocrx_word' id='word_1_380' title='bbox 1660 1246 1743 1273; x_wconf 81' lang='grc' dir='ltr'>προσ·</span> 
     </span>
     <span class='ocr_line' id='line_1_52' title="bbox 955 1288 1078 1322; baseline 0.016 -10"><span class='ocrx_word' id='word_1_381' title='bbox 955 1288 1078 1322; x_wconf 83' lang='grc' dir='ltr'>ηγορίας.</span> 
     </span>
    </p>
   </div>
   <div class='ocr_carea' id='block_1_11' title="bbox 116 1327 1743 1413">
    <p class='ocr_par' dir='ltr' id='par_1_11' title="bbox 116 1327 1743 1413">
     <span class='ocr_line' id='line_1_53' title="bbox 117 1327 1743 1368; baseline 0.001 -15"><span class='ocrx_word' id='word_1_382' title='bbox 117 1335 170 1353; x_wconf 88' lang='lat' dir='ltr'>non</span> <span class='ocrx_word' id='word_1_383' title='bbox 184 1331 255 1354; x_wconf 85' lang='lat' dir='ltr'>esset</span> <span class='ocrx_word' id='word_1_384' title='bbox 271 1327 393 1362; x_wconf 81' lang='grc' dir='ltr'>γέννημα</span> <span class='ocrx_word' id='word_1_385' title='bbox 411 1327 558 1361; x_wconf 83' lang='lat' dir='ltr'>(genitura)</span> <span class='ocrx_word' id='word_1_386' title='bbox 576 1337 582 1353; x_wconf 79' lang='lat' dir='ltr'>z</span> <span class='ocrx_word' id='word_1_387' title='bbox 604 1332 630 1354; x_wconf 86' lang='lat' dir='ltr'>et</span> <span class='ocrx_word' id='word_1_388' title='bbox 663 1327 722 1354; x_wconf 90' lang='lat' dir='ltr'>vice</span> <span class='ocrx_word' id='word_1_389' title='bbox 740 1335 829 1358; x_wconf 79' lang='lat' dir='ltr'>versa,</span> <span class='ocrx_word' id='word_1_390' title='bbox 863 1329 886 1355; x_wconf 89' lang='lat' dir='ltr'>si</span> <span class='ocrx_word' id='word_1_391' title='bbox 920 1331 1041 1367; x_wconf 76' lang='grc' dir='ltr'>γέννημα</span> <span class='ocrx_word' id='word_1_392' title='bbox 1070 1333 1215 1368; x_wconf 82' lang='lat' dir='ltr'>(genitura)</span> <span class='ocrx_word' id='word_1_393' title='bbox 1231 1333 1378 1363; x_wconf 80' lang='lat' dir='ltr'>diceretur,</span> <span class='ocrx_word' id='word_1_394' title='bbox 1403 1332 1569 1359; x_wconf 69' lang='lat' dir='ltr'>alienaretur</span> <span class='ocrx_word' id='word_1_395' title='bbox 1592 1338 1606 1357; x_wconf 88' lang='lat' dir='ltr'>a</span> <span class='ocrx_word' id='word_1_396' title='bbox 1633 1330 1743 1357; x_wconf 78' lang='lat' dir='ltr'>sacturae</span> 
     </span>
     <span class='ocr_line' id='line_1_54' title="bbox 116 1371 1743 1413; baseline 0.001 -16"><span class='ocrx_word' id='word_1_397' title='bbox 116 1371 236 1398; x_wconf 89' lang='lat' dir='ltr'>nomine.</span> <span class='ocrx_word' id='word_1_398' title='bbox 263 1371 316 1398; x_wconf 87' lang='lat' dir='ltr'>Sed</span> <span class='ocrx_word' id='word_1_399' title='bbox 340 1371 378 1397; x_wconf 90' lang='lat' dir='ltr'>ait</span> <span class='ocrx_word' id='word_1_400' title='bbox 409 1371 571 1404; x_wconf 87' lang='lat' dir='ltr'>Eunomius,</span> <span class='ocrx_word' id='word_1_401' title='bbox 587 1372 613 1398; x_wconf 84' lang='lat' dir='ltr'>in</span> <span class='ocrx_word' id='word_1_402' title='bbox 632 1372 751 1406; x_wconf 81' lang='lat' dir='ltr'>seipsam</span> <span class='ocrx_word' id='word_1_403' title='bbox 775 1373 897 1407; x_wconf 81' lang='lat' dir='ltr'>recipere</span> <span class='ocrx_word' id='word_1_404' title='bbox 923 1375 984 1403; x_wconf 82' lang='lat' dir='ltr'>Filii</span> <span class='ocrx_word' id='word_1_405' title='bbox 1009 1378 1156 1405; x_wconf 80' lang='lat' dir='ltr'>essentiam</span> <span class='ocrx_word' id='word_1_406' title='bbox 1181 1379 1348 1413; x_wconf 84' lang='grc' dir='ltr'>γεννήματος</span> <span class='ocrx_word' id='word_1_407' title='bbox 1375 1378 1526 1413; x_wconf 80' lang='lat' dir='ltr'>(geniturae)</span> <span class='ocrx_word' id='word_1_408' title='bbox 1549 1381 1576 1404; x_wconf 76' lang='lat' dir='ltr'>et</span> <span class='ocrx_word' id='word_1_409' title='bbox 1594 1377 1743 1411; x_wconf 84' lang='grc' dir='ltr'>ποιήματος</span> 
     </span>
    </p>
   </div>
   <div class='ocr_carea' id='block_1_12' title="bbox 116 1418 900 1500">
    <p class='ocr_par' dir='ltr' id='par_1_12' title="bbox 116 1418 900 1500">
     <span class='ocr_line' id='line_1_55' title="bbox 116 1418 864 1453; baseline 0.001 -9"><span class='ocrx_word' id='word_1_410' title='bbox 116 1418 250 1453; x_wconf 66' lang='lat' dir='ltr'>(factm-ze)</span> <span class='ocrx_word' id='word_1_411' title='bbox 268 1422 294 1444; x_wconf 79' lang='lat' dir='ltr'>et</span> <span class='ocrx_word' id='word_1_412' title='bbox 311 1418 459 1452; x_wconf 83' lang='grc' dir='ltr'>κτίσματος</span> <span class='ocrx_word' id='word_1_413' title='bbox 482 1418 638 1452; x_wconf 78' lang='lat' dir='ltr'>(creaturae)</span> <span class='ocrx_word' id='word_1_414' title='bbox 656 1418 864 1452; x_wconf 82' lang='lat' dir='ltr'>appellationes.</span> 
     </span>
     <span class='ocr_line' id='line_1_56' title="bbox 152 1465 900 1500; baseline 0.001 -9"><span class='ocrx_word' id='word_1_415' title='bbox 152 1465 204 1492; x_wconf 87' lang='lat' dir='ltr'>Sed</span> <span class='ocrx_word' id='word_1_416' title='bbox 226 1465 350 1500; x_wconf 84' lang='lat' dir='ltr'>nunquid</span> <span class='ocrx_word' id='word_1_417' title='bbox 366 1473 414 1499; x_wconf 84' lang='lat' dir='ltr'>per</span> <span class='ocrx_word' id='word_1_418' title='bbox 438 1473 470 1492; x_wconf 85' lang='lat' dir='ltr'>ea</span> <span class='ocrx_word' id='word_1_419' title='bbox 497 1473 556 1499; x_wconf 79' lang='lat' dir='ltr'>quae</span> <span class='ocrx_word' id='word_1_420' title='bbox 573 1470 727 1500; x_wconf 83' lang='lat' dir='ltr'>sequuntur</span> <span class='ocrx_word' id='word_1_421' title='bbox 753 1466 826 1492; x_wconf 86' lang='lat' dir='ltr'>hunc</span> <span class='ocrx_word' id='word_1_422' title='bbox 840 1466 900 1493; x_wconf 86' lang='lat' dir='ltr'>sine</span> 
     </span>
    </p>
   </div>
   <div class='ocr_carea' id='block_1_13' title="bbox 988 1467 1744 1504">
    <p class='ocr_par' dir='ltr' id='par_1_13' title="bbox 988 1467 1744 1504">
     <span class='ocr_line' id='line_1_57' title="bbox 988 1467 1744 1504; baseline 0 -10"><span class='ocrx_word' id='word_1_423' title='bbox 988 1469 1033 1504; x_wconf 89' lang='grc' dir='ltr'>Μή</span> <span class='ocrx_word' id='word_1_424' title='bbox 1046 1477 1072 1495; x_wconf 91' lang='grc' dir='ltr'>τι</span> <span class='ocrx_word' id='word_1_425' title='bbox 1085 1468 1128 1495; x_wconf 72' lang='grc' dir='ltr'>διὰ</span> <span class='ocrx_word' id='word_1_426' title='bbox 1141 1468 1194 1495; x_wconf 76' lang='grc' dir='ltr'>τῶν</span> <span class='ocrx_word' id='word_1_427' title='bbox 1209 1468 1360 1495; x_wconf 75' lang='grc' dir='ltr'>ὑπολοίπων</span> <span class='ocrx_word' id='word_1_428' title='bbox 1381 1468 1602 1503; x_wconf 77' lang='grc' dir='ltr'>κατησφαλίσατο</span> <span class='ocrx_word' id='word_1_429' title='bbox 1615 1467 1660 1494; x_wconf 77' lang='grc' dir='ltr'>τὸν</span> <span class='ocrx_word' id='word_1_430' title='bbox 1680 1467 1744 1494; x_wconf 80' lang='grc' dir='ltr'>ἀκέ-</span> 
     </span>
    </p>
   </div>
   <div class='ocr_carea' id='block_1_14' title="bbox 117 1510 1744 1551">
    <p class='ocr_par' dir='ltr' id='par_1_14' title="bbox 117 1510 1744 1551">
     <span class='ocr_line' id='line_1_58' title="bbox 117 1510 1744 1551; baseline 0.002 -16"><span class='ocrx_word' id='word_1_431' title='bbox 117 1510 207 1544; x_wconf 84' lang='lat' dir='ltr'>capite</span> <span class='ocrx_word' id='word_1_432' title='bbox 229 1514 255 1537; x_wconf 86' lang='lat' dir='ltr'>et</span> <span class='ocrx_word' id='word_1_433' title='bbox 277 1510 336 1537; x_wconf 84' lang='lat' dir='ltr'>sine</span> <span class='ocrx_word' id='word_1_434' title='bbox 359 1510 453 1536; x_wconf 83' lang='lat' dir='ltr'>radice</span> <span class='ocrx_word' id='word_1_435' title='bbox 475 1518 630 1538; x_wconf 78' lang='lat' dir='ltr'>sermonem</span> <span class='ocrx_word' id='word_1_436' title='bbox 649 1512 831 1543; x_wconf 75' lang='lat' dir='ltr'>confirmavit,</span> <span class='ocrx_word' id='word_1_437' title='bbox 854 1512 900 1546; x_wconf 86' lang='lat' dir='ltr'>qui</span> <span class='ocrx_word' id='word_1_438' title='bbox 918 1521 938 1551; x_wconf 83' lang='lat' dir='ltr'>C</span> <span class='ocrx_word' id='word_1_439' title='bbox 956 1513 1039 1548; x_wconf 69' lang='grc' dir='ltr'>φαλον</span> <span class='ocrx_word' id='word_1_440' title='bbox 1056 1514 1148 1540; x_wconf 82' lang='grc' dir='ltr'>τοῦτον</span> <span class='ocrx_word' id='word_1_441' title='bbox 1163 1515 1208 1540; x_wconf 68' lang='grc' dir='ltr'>καὶ</span> <span class='ocrx_word' id='word_1_442' title='bbox 1225 1513 1335 1550; x_wconf 69' lang='grc' dir='ltr'>ἄρριζον</span> <span class='ocrx_word' id='word_1_443' title='bbox 1348 1514 1437 1547; x_wconf 78' lang='grc' dir='ltr'>λόγον,</span> <span class='ocrx_word' id='word_1_444' title='bbox 1469 1512 1498 1544; x_wconf 86' lang='grc' dir='ltr'>ὃς</span> <span class='ocrx_word' id='word_1_445' title='bbox 1512 1513 1623 1547; x_wconf 73' lang='grc' dir='ltr'>οὐδεμιᾷ</span> <span class='ocrx_word' id='word_1_446' title='bbox 1635 1512 1677 1538; x_wconf 74' lang='grc' dir='ltr'>διὰ</span> <span class='ocrx_word' id='word_1_447' title='bbox 1690 1513 1744 1538; x_wconf 84' lang='grc' dir='ltr'>τῶν</span> 
     </span>
    </p>
   </div>
   <div class='ocr_carea' id='block_1_15' title="bbox 116 1556 907 2174">
    <p class='ocr_par' dir='ltr' id='par_1_15' title="bbox 116 1556 907 2174">
     <span class='ocr_line' id='line_1_59' title="bbox 117 1556 902 1590; baseline 0.004 -9"><span class='ocrx_word' id='word_1_448' title='bbox 117 1556 226 1590; x_wconf 85' lang='lat' dir='ltr'>quidem</span> <span class='ocrx_word' id='word_1_449' title='bbox 250 1563 283 1582; x_wconf 86' lang='lat' dir='ltr'>ex</span> <span class='ocrx_word' id='word_1_450' title='bbox 299 1556 333 1583; x_wconf 91' lang='lat' dir='ltr'>iis</span> <span class='ocrx_word' id='word_1_451' title='bbox 348 1564 407 1590; x_wconf 77' lang='lat' dir='ltr'>quae</span> <span class='ocrx_word' id='word_1_452' title='bbox 424 1557 500 1590; x_wconf 86' lang='lat' dir='ltr'>prius</span> <span class='ocrx_word' id='word_1_453' title='bbox 525 1556 597 1582; x_wconf 84' lang='lat' dir='ltr'>dicta</span> <span class='ocrx_word' id='word_1_454' title='bbox 624 1560 688 1583; x_wconf 89' lang='lat' dir='ltr'>sunt</span> <span class='ocrx_word' id='word_1_455' title='bbox 711 1557 786 1583; x_wconf 89' lang='lat' dir='ltr'>nullo</span> <span class='ocrx_word' id='word_1_456' title='bbox 804 1557 902 1584; x_wconf 80' lang='lat' dir='ltr'>robore</span> 
     </span>
     <span class='ocr_line' id='line_1_60' title="bbox 117 1601 907 1636; baseline 0.003 -9"><span class='ocrx_word' id='word_1_457' title='bbox 117 1601 248 1628; x_wconf 79' lang='lat' dir='ltr'>fundatus</span> <span class='ocrx_word' id='word_1_458' title='bbox 273 1606 315 1628; x_wconf 85' lang='lat' dir='ltr'>est</span> <span class='ocrx_word' id='word_1_459' title='bbox 354 1602 386 1628; x_wconf 87' lang='lat' dir='ltr'>ad</span> <span class='ocrx_word' id='word_1_460' title='bbox 418 1601 444 1627; x_wconf 93' lang='lat' dir='ltr'>id</span> <span class='ocrx_word' id='word_1_461' title='bbox 480 1602 552 1636; x_wconf 82' lang='lat' dir='ltr'>quod</span> <span class='ocrx_word' id='word_1_462' title='bbox 575 1602 820 1635; x_wconf 79' lang='lat' dir='ltr'>superaedilicatum</span> <span class='ocrx_word' id='word_1_463' title='bbox 851 1604 907 1629; x_wconf 80' lang='lat' dir='ltr'>est?</span> 
     </span>
     <span class='ocr_line' id='line_1_61' title="bbox 117 1646 903 1681; baseline 0.003 -9"><span class='ocrx_word' id='word_1_464' title='bbox 117 1647 159 1673; x_wconf 81' lang='grc' dir='ltr'>Αιι</span> <span class='ocrx_word' id='word_1_465' title='bbox 184 1647 265 1673; x_wconf 89' lang='lat' dir='ltr'>ctiam</span> <span class='ocrx_word' id='word_1_466' title='bbox 281 1647 385 1681; x_wconf 83' lang='lat' dir='ltr'>reliqua</span> <span class='ocrx_word' id='word_1_467' title='bbox 402 1646 495 1673; x_wconf 86' lang='lat' dir='ltr'>cadem</span> <span class='ocrx_word' id='word_1_468' title='bbox 509 1647 629 1674; x_wconf 74' lang='lat' dir='ltr'>vanitate</span> <span class='ocrx_word' id='word_1_469' title='bbox 645 1648 781 1679; x_wconf 83' lang='lat' dir='ltr'>laborant,</span> <span class='ocrx_word' id='word_1_470' title='bbox 795 1655 809 1674; x_wconf 90' lang='lat' dir='ltr'>a</span> <span class='ocrx_word' id='word_1_471' title='bbox 827 1648 903 1674; x_wconf 90' lang='lat' dir='ltr'>nullo</span> 
     </span>
     <span class='ocr_line' id='line_1_62' title="bbox 117 1693 902 1728; baseline 0 -9"><span class='ocrx_word' id='word_1_472' title='bbox 117 1701 150 1720; x_wconf 83' lang='lat' dir='ltr'>ex</span> <span class='ocrx_word' id='word_1_473' title='bbox 161 1693 314 1720; x_wconf 79' lang='lat' dir='ltr'>rationibus</span> <span class='ocrx_word' id='word_1_474' title='bbox 325 1693 409 1727; x_wconf 89' lang='lat' dir='ltr'>petito</span> <span class='ocrx_word' id='word_1_475' title='bbox 422 1693 522 1719; x_wconf 83' lang='lat' dir='ltr'>auxilio</span> <span class='ocrx_word' id='word_1_476' title='bbox 535 1694 619 1719; x_wconf 86' lang='lat' dir='ltr'>robur</span> <span class='ocrx_word' id='word_1_477' title='bbox 630 1693 744 1728; x_wconf 87' lang='lat' dir='ltr'>adepta;</span> <span class='ocrx_word' id='word_1_478' title='bbox 760 1693 806 1719; x_wconf 78' lang='lat' dir='ltr'>sed</span> <span class='ocrx_word' id='word_1_479' title='bbox 820 1693 902 1719; x_wconf 88' lang='lat' dir='ltr'>latam</span> 
     </span>
     <span class='ocr_line' id='line_1_63' title="bbox 116 1739 905 1766; baseline 0 -1"><span class='ocrx_word' id='word_1_480' title='bbox 116 1743 145 1766; x_wconf 81' lang='lat' dir='ltr'>ct</span> <span class='ocrx_word' id='word_1_481' title='bbox 165 1739 330 1765; x_wconf 86' lang='lat' dir='ltr'>inconditam</span> <span class='ocrx_word' id='word_1_482' title='bbox 354 1739 427 1765; x_wconf 76' lang='lat' dir='ltr'>velut</span> <span class='ocrx_word' id='word_1_483' title='bbox 444 1740 470 1765; x_wconf 90' lang='lat' dir='ltr'>in</span> <span class='ocrx_word' id='word_1_484' title='bbox 486 1739 654 1766; x_wconf 83' lang='lat' dir='ltr'>somniorum</span> <span class='ocrx_word' id='word_1_485' title='bbox 676 1739 834 1766; x_wconf 80' lang='lat' dir='ltr'>narratione</span> <span class='ocrx_word' id='word_1_486' title='bbox 850 1739 905 1766; x_wconf 83' lang='lat' dir='ltr'>bla-</span> 
     </span>
     <span class='ocr_line' id='line_1_64' title="bbox 118 1785 904 1819; baseline 0 -8"><span class='ocrx_word' id='word_1_487' title='bbox 118 1785 248 1819; x_wconf 77' lang='lat' dir='ltr'>spuemiae</span> <span class='ocrx_word' id='word_1_488' title='bbox 261 1785 461 1819; x_wconf 75' lang='lat' dir='ltr'>expositionem</span> <span class='ocrx_word' id='word_1_489' title='bbox 485 1785 627 1811; x_wconf 82' lang='lat' dir='ltr'>habentia?</span> <span class='ocrx_word' id='word_1_490' title='bbox 643 1785 712 1812; x_wconf 86' lang='lat' dir='ltr'>Dicit</span> <span class='ocrx_word' id='word_1_491' title='bbox 733 1786 805 1812; x_wconf 90' lang='lat' dir='ltr'>enim</span> <span class='ocrx_word' id='word_1_492' title='bbox 822 1785 904 1812; x_wconf 84' lang='lat' dir='ltr'>dictis</span> 
     </span>
     <span class='ocr_line' id='line_1_65' title="bbox 118 1828 904 1864; baseline 0.003 -10"><span class='ocrx_word' id='word_1_493' title='bbox 118 1829 175 1854; x_wconf 74' lang='lat' dir='ltr'>lucc</span> <span class='ocrx_word' id='word_1_494' title='bbox 201 1832 352 1855; x_wconf 82' lang='lat' dir='ltr'>annectens</span> <span class='ocrx_word' id='word_1_495' title='bbox 379 1838 385 1855; x_wconf 92' lang='lat'>:</span> <span class='ocrx_word' id='word_1_496' title='bbox 411 1828 598 1855; x_wconf 72' lang='lat' dir='ltr'>Immediatam</span> <span class='ocrx_word' id='word_1_497' title='bbox 622 1831 725 1864; x_wconf 80' lang='lat' dir='ltr'>quidem</span> <span class='ocrx_word' id='word_1_498' title='bbox 751 1831 803 1856; x_wconf 77' lang='lat' dir='ltr'>sive</span> <span class='ocrx_word' id='word_1_499' title='bbox 831 1830 904 1856; x_wconf 73' lang='lat' dir='ltr'>nullo</span> 
     </span>
     <span class='ocr_line' id='line_1_66' title="bbox 117 1874 903 1909; baseline 0.003 -10"><span class='ocrx_word' id='word_1_500' title='bbox 117 1874 306 1900; x_wconf 73' lang='lat' dir='ltr'>intercurrente</span> <span class='ocrx_word' id='word_1_501' title='bbox 324 1874 408 1900; x_wconf 80' lang='lat' dir='ltr'>medio</span> <span class='ocrx_word' id='word_1_502' title='bbox 426 1874 562 1901; x_wconf 81' lang='lat' dir='ltr'>habentem</span> <span class='ocrx_word' id='word_1_503' title='bbox 578 1876 781 1909; x_wconf 59' lang='lat' dir='ltr'>generationem,</span> <span class='ocrx_word' id='word_1_504' title='bbox 804 1876 903 1909; x_wconf 79' lang='lat' dir='ltr'>impar-</span> 
     </span>
     <span class='ocr_line' id='line_1_67' title="bbox 119 1918 903 1954; baseline 0.004 -11"><span class='ocrx_word' id='word_1_505' title='bbox 119 1918 229 1944; x_wconf 78' lang='lat' dir='ltr'>tibiliter</span> <span class='ocrx_word' id='word_1_506' title='bbox 245 1923 331 1944; x_wconf 79' lang='lat' dir='ltr'>autem</span> <span class='ocrx_word' id='word_1_507' title='bbox 347 1923 492 1945; x_wconf 81' lang='lat' dir='ltr'>servantem</span> <span class='ocrx_word' id='word_1_508' title='bbox 507 1927 565 1945; x_wconf 85' lang='lat' dir='ltr'>cum</span> <span class='ocrx_word' id='word_1_509' title='bbox 579 1927 608 1945; x_wconf 87' lang='lat' dir='ltr'>eo</span> <span class='ocrx_word' id='word_1_510' title='bbox 626 1920 670 1953; x_wconf 79' lang='lat' dir='ltr'>qui</span> <span class='ocrx_word' id='word_1_511' title='bbox 684 1921 773 1954; x_wconf 75' lang='lat' dir='ltr'>yenuit</span> <span class='ocrx_word' id='word_1_512' title='bbox 793 1925 816 1946; x_wconf 85' lang='lat' dir='ltr'>el</span> <span class='ocrx_word' id='word_1_513' title='bbox 833 1921 903 1953; x_wconf 74' lang='lat' dir='ltr'>secie,</span> 
     </span>
     <span class='ocr_line' id='line_1_68' title="bbox 117 1964 903 1999; baseline 0.004 -11"><span class='ocrx_word' id='word_1_514' title='bbox 117 1968 141 1989; x_wconf 80' lang='lat' dir='ltr'>et</span> <span class='ocrx_word' id='word_1_515' title='bbox 158 1964 253 1989; x_wconf 74' lang='lat' dir='ltr'>creavit</span> <span class='ocrx_word' id='word_1_516' title='bbox 272 1964 436 1990; x_wconf 75' lang='lat' dir='ltr'>relationem.</span> <span class='ocrx_word' id='word_1_517' title='bbox 451 1964 479 1990; x_wconf 84' lang='lat' dir='ltr'>Si</span> <span class='ocrx_word' id='word_1_518' title='bbox 493 1965 576 1995; x_wconf 87' lang='lat' dir='ltr'>enim,</span> <span class='ocrx_word' id='word_1_519' title='bbox 592 1972 624 1991; x_wconf 88' lang='lat' dir='ltr'>co</span> <span class='ocrx_word' id='word_1_520' title='bbox 636 1965 745 1999; x_wconf 87' lang='lat' dir='ltr'>dempto</span> <span class='ocrx_word' id='word_1_521' title='bbox 760 1973 813 1999; x_wconf 87' lang='lat' dir='ltr'>quo</span> <span class='ocrx_word' id='word_1_522' title='bbox 827 1965 903 1998; x_wconf 86' lang='lat' dir='ltr'>dicit,</span> 
     </span>
     <span class='ocr_line' id='line_1_69' title="bbox 118 2009 904 2045; baseline 0.004 -11"><span class='ocrx_word' id='word_1_523' title='bbox 118 2009 300 2035; x_wconf 79' lang='lat' dir='ltr'>innnediatum</span> <span class='ocrx_word' id='word_1_524' title='bbox 313 2015 336 2035; x_wconf 82' lang='lat' dir='ltr'>et</span> <span class='ocrx_word' id='word_1_525' title='bbox 350 2009 548 2043; x_wconf 78' lang='lat' dir='ltr'>impartibilem,</span> <span class='ocrx_word' id='word_1_526' title='bbox 572 2009 659 2044; x_wconf 88' lang='lat' dir='ltr'>ipsam</span> <span class='ocrx_word' id='word_1_527' title='bbox 683 2010 710 2036; x_wconf 92' lang='lat' dir='ltr'>in</span> <span class='ocrx_word' id='word_1_528' title='bbox 732 2011 822 2045; x_wconf 86' lang='lat' dir='ltr'>seipsa</span> <span class='ocrx_word' id='word_1_529' title='bbox 843 2019 904 2037; x_wconf 80' lang='lat' dir='ltr'>ver-</span> 
     </span>
     <span class='ocr_line' id='line_1_70' title="bbox 119 2053 903 2090; baseline 0.004 -11"><span class='ocrx_word' id='word_1_530' title='bbox 119 2053 214 2079; x_wconf 82' lang='lat' dir='ltr'>borum</span> <span class='ocrx_word' id='word_1_531' title='bbox 240 2055 405 2081; x_wconf 80' lang='lat' dir='ltr'>senteutiam</span> <span class='ocrx_word' id='word_1_532' title='bbox 431 2059 596 2088; x_wconf 84' lang='lat' dir='ltr'>spectemus,</span> <span class='ocrx_word' id='word_1_533' title='bbox 629 2055 799 2082; x_wconf 87' lang='lat' dir='ltr'>inveniemus</span> <span class='ocrx_word' id='word_1_534' title='bbox 829 2055 903 2090; x_wconf 84' lang='lat' dir='ltr'>quod</span> 
     </span>
     <span class='ocr_line' id='line_1_71' title="bbox 119 2099 905 2136; baseline 0.004 -11"><span class='ocrx_word' id='word_1_535' title='bbox 119 2099 221 2133; x_wconf 85' lang='lat' dir='ltr'>ubique</span> <span class='ocrx_word' id='word_1_536' title='bbox 241 2099 373 2126; x_wconf 79' lang='lat' dir='ltr'>doctrinae</span> <span class='ocrx_word' id='word_1_537' title='bbox 396 2100 520 2127; x_wconf 87' lang='lat' dir='ltr'>delirium</span> <span class='ocrx_word' id='word_1_538' title='bbox 534 2105 561 2127; x_wconf 87' lang='lat' dir='ltr'>et</span> <span class='ocrx_word' id='word_1_539' title='bbox 576 2108 665 2128; x_wconf 86' lang='lat' dir='ltr'>meras</span> <span class='ocrx_word' id='word_1_540' title='bbox 678 2109 764 2134; x_wconf 76' lang='lat' dir='ltr'>nugas</span> <span class='ocrx_word' id='word_1_541' title='bbox 777 2102 905 2136; x_wconf 81' lang='lat' dir='ltr'>nulloque</span> 
     </span>
     <span class='ocr_line' id='line_1_72' title="bbox 120 2144 905 2174; baseline 0.006 -5"><span class='ocrx_word' id='word_1_542' title='bbox 120 2144 236 2170; x_wconf 79' lang='lat' dir='ltr'>rationis</span> <span class='ocrx_word' id='word_1_543' title='bbox 260 2149 398 2171; x_wconf 88' lang='lat' dir='ltr'>momento</span> <span class='ocrx_word' id='word_1_544' title='bbox 413 2145 603 2171; x_wconf 75' lang='lat' dir='ltr'>confirmatum</span> <span class='ocrx_word' id='word_1_545' title='bbox 622 2153 775 2173; x_wconf 86' lang='lat' dir='ltr'>sermonem</span> <span class='ocrx_word' id='word_1_546' title='bbox 791 2147 905 2174; x_wconf 86' lang='lat' dir='ltr'>auribus</span> 
     </span>
    </p>
   </div>
   <div class='ocr_carea' id='block_1_16' title="bbox 957 1558 1745 2185">
    <p class='ocr_par' dir='ltr' id='par_1_16' title="bbox 957 1558 1745 2185">
     <span class='ocr_line' id='line_1_73' title="bbox 957 1558 1743 1595; baseline -0.004 -9"><span class='ocrx_word' id='word_1_547' title='bbox 957 1560 1072 1594; x_wconf 74' lang='grc' dir='ltr'>πρώτων</span> <span class='ocrx_word' id='word_1_548' title='bbox 1090 1561 1241 1595; x_wconf 78' lang='grc' dir='ltr'>κατεὸλήθη</span> <span class='ocrx_word' id='word_1_549' title='bbox 1255 1560 1321 1594; x_wconf 74' lang='grc' dir='ltr'>πρὸς</span> <span class='ocrx_word' id='word_1_550' title='bbox 1338 1559 1368 1585; x_wconf 84' lang='grc' dir='ltr'>τὸ</span> <span class='ocrx_word' id='word_1_551' title='bbox 1383 1558 1654 1592; x_wconf 78' lang='grc' dir='ltr'>κατασκευαζόμενον</span> <span class='ocrx_word' id='word_1_552' title='bbox 1664 1558 1743 1584; x_wconf 82' lang='grc' dir='ltr'>δυνά-</span> 
     </span>
     <span class='ocr_line' id='line_1_74' title="bbox 959 1602 1742 1638; baseline -0.001 -10"><span class='ocrx_word' id='word_1_553' title='bbox 959 1612 1015 1638; x_wconf 72' lang='grc' dir='ltr'>μεις</span> <span class='ocrx_word' id='word_1_554' title='bbox 1028 1605 1061 1629; x_wconf 84' lang='grc' dir='ltr'>ῚΙ</span> <span class='ocrx_word' id='word_1_555' title='bbox 1077 1605 1124 1630; x_wconf 82' lang='grc' dir='ltr'>καὶ</span> <span class='ocrx_word' id='word_1_556' title='bbox 1139 1604 1172 1630; x_wconf 82' lang='grc' dir='ltr'>τὰ</span> <span class='ocrx_word' id='word_1_557' title='bbox 1183 1603 1263 1629; x_wconf 72' lang='grc' dir='ltr'>λοιπὰ</span> <span class='ocrx_word' id='word_1_558' title='bbox 1278 1603 1327 1637; x_wconf 72' lang='grc' dir='ltr'>τῆς</span> <span class='ocrx_word' id='word_1_559' title='bbox 1345 1603 1429 1635; x_wconf 77' lang='grc' dir='ltr'>αὐτῆς</span> <span class='ocrx_word' id='word_1_560' title='bbox 1446 1602 1535 1636; x_wconf 75' lang='grc' dir='ltr'>ἔχεται</span> <span class='ocrx_word' id='word_1_561' title='bbox 1555 1602 1742 1637; x_wconf 84' lang='grc' dir='ltr'>ματαιότητος,</span> 
     </span>
     <span class='ocr_line' id='line_1_75' title="bbox 957 1648 1744 1684; baseline 0.001 -11"><span class='ocrx_word' id='word_1_562' title='bbox 957 1649 1006 1674; x_wconf 75' lang='grc' dir='ltr'>οὐκ</span> <span class='ocrx_word' id='word_1_563' title='bbox 1021 1650 1074 1675; x_wconf 77' lang='grc' dir='ltr'>ἀπό</span> <span class='ocrx_word' id='word_1_564' title='bbox 1091 1659 1160 1681; x_wconf 89' lang='grc' dir='ltr'>τινος</span> <span class='ocrx_word' id='word_1_565' title='bbox 1172 1651 1220 1684; x_wconf 84' lang='grc' dir='ltr'>τῆς</span> <span class='ocrx_word' id='word_1_566' title='bbox 1244 1650 1275 1675; x_wconf 83' lang='grc' dir='ltr'>ἐκ</span> <span class='ocrx_word' id='word_1_567' title='bbox 1295 1649 1349 1675; x_wconf 84' lang='grc' dir='ltr'>τῶν</span> <span class='ocrx_word' id='word_1_568' title='bbox 1369 1649 1505 1683; x_wconf 85' lang='grc' dir='ltr'>λογισμῶν</span> <span class='ocrx_word' id='word_1_569' title='bbox 1520 1648 1677 1683; x_wconf 83' lang='grc' dir='ltr'>συμμαχίας</span> <span class='ocrx_word' id='word_1_570' title='bbox 1695 1650 1744 1683; x_wconf 87' lang='grc' dir='ltr'>τὴν</span> 
     </span>
     <span class='ocr_line' id='line_1_76' title="bbox 959 1694 1745 1730; baseline -0.001 -10"><span class='ocrx_word' id='word_1_571' title='bbox 959 1695 1033 1729; x_wconf 71' lang='grc' dir='ltr'>ἰσχὺν</span> <span class='ocrx_word' id='word_1_572' title='bbox 1051 1695 1236 1730; x_wconf 74' lang='grc' dir='ltr'>προλαὸόντα·</span> <span class='ocrx_word' id='word_1_573' title='bbox 1268 1695 1336 1721; x_wconf 78' lang='grc' dir='ltr'>ἀλλὰ</span> <span class='ocrx_word' id='word_1_574' title='bbox 1360 1694 1509 1728; x_wconf 76' lang='grc' dir='ltr'>διεξοδικὴν</span> <span class='ocrx_word' id='word_1_575' title='bbox 1529 1703 1558 1720; x_wconf 86' lang='grc' dir='ltr'>τε</span> <span class='ocrx_word' id='word_1_576' title='bbox 1575 1694 1622 1720; x_wconf 73' lang='grc' dir='ltr'>καὶ</span> <span class='ocrx_word' id='word_1_577' title='bbox 1642 1694 1745 1720; x_wconf 79' lang='grc' dir='ltr'>ἀκατά·</span> 
     </span>
     <span class='ocr_line' id='line_1_77' title="bbox 958 1739 1744 1775; baseline -0.001 -9"><span class='ocrx_word' id='word_1_578' title='bbox 958 1749 1054 1766; x_wconf 86' lang='grc' dir='ltr'>σκευον</span> <span class='ocrx_word' id='word_1_579' title='bbox 1070 1740 1163 1775; x_wconf 79' lang='grc' dir='ltr'>ὥσπερ</span> <span class='ocrx_word' id='word_1_580' title='bbox 1174 1741 1220 1766; x_wconf 76' lang='grc' dir='ltr'>ἐπὶ</span> <span class='ocrx_word' id='word_1_581' title='bbox 1227 1741 1276 1775; x_wconf 83' lang='grc' dir='ltr'>τῆς</span> <span class='ocrx_word' id='word_1_582' title='bbox 1287 1741 1340 1767; x_wconf 84' lang='grc' dir='ltr'>τῶν</span> <span class='ocrx_word' id='word_1_583' title='bbox 1353 1740 1464 1775; x_wconf 83' lang='grc' dir='ltr'>ὀνείρων</span> <span class='ocrx_word' id='word_1_584' title='bbox 1475 1740 1625 1775; x_wconf 79' lang='grc' dir='ltr'>διηγήσεως</span> <span class='ocrx_word' id='word_1_585' title='bbox 1636 1740 1684 1774; x_wconf 85' lang='grc' dir='ltr'>τὴν</span> <span class='ocrx_word' id='word_1_586' title='bbox 1694 1739 1744 1773; x_wconf 78' lang='grc' dir='ltr'>τῆς</span> 
     </span>
     <span class='ocr_line' id='line_1_78' title="bbox 959 1784 1743 1820; baseline 0 -9"><span class='ocrx_word' id='word_1_587' title='bbox 959 1786 1131 1820; x_wconf 78' lang='grc' dir='ltr'>βλασφημίας</span> <span class='ocrx_word' id='word_1_588' title='bbox 1146 1785 1251 1811; x_wconf 75' lang='grc' dir='ltr'>ἔκθεσιν</span> <span class='ocrx_word' id='word_1_589' title='bbox 1272 1784 1383 1819; x_wconf 74' lang='grc' dir='ltr'>ἔχοντα;</span> <span class='ocrx_word' id='word_1_590' title='bbox 1399 1786 1479 1819; x_wconf 82' lang='grc' dir='ltr'>Λέγει</span> <span class='ocrx_word' id='word_1_591' title='bbox 1493 1785 1546 1820; x_wconf 77' lang='grc' dir='ltr'>γὰρ</span> <span class='ocrx_word' id='word_1_592' title='bbox 1563 1787 1618 1816; x_wconf 81' lang='grc' dir='ltr'>τοῖς</span> <span class='ocrx_word' id='word_1_593' title='bbox 1631 1785 1743 1820; x_wconf 75' lang='grc' dir='ltr'>εἰρημέ-</span> 
     </span>
     <span class='ocr_line' id='line_1_79' title="bbox 957 1830 1745 1866; baseline -0.001 -9"><span class='ocrx_word' id='word_1_594' title='bbox 957 1840 1012 1862; x_wconf 84' lang='grc' dir='ltr'>νοις</span> <span class='ocrx_word' id='word_1_595' title='bbox 1023 1831 1189 1865; x_wconf 76' lang='grc' dir='ltr'>ὲπισυνάψας</span> <span class='ocrx_word' id='word_1_596' title='bbox 1200 1830 1287 1857; x_wconf 82' lang='grc' dir='ltr'>ταῦτα</span> <span class='ocrx_word' id='word_1_597' title='bbox 1300 1839 1307 1846; x_wconf 89' lang='grc'><em>·</em></span> <span class='ocrx_word' id='word_1_598' title='bbox 1322 1831 1362 1857; x_wconf 85' lang='grc' dir='ltr'>ὅτι</span> <span class='ocrx_word' id='word_1_599' title='bbox 1376 1831 1579 1866; x_wconf 81' lang='grc' dir='ltr'>Ἀμεσίτευτον</span> <span class='ocrx_word' id='word_1_600' title='bbox 1587 1831 1644 1865; x_wconf 78' lang='grc' dir='ltr'>μὲν</span> <span class='ocrx_word' id='word_1_601' title='bbox 1658 1831 1745 1864; x_wconf 78' lang='grc' dir='ltr'>ἔχου-</span> 
     </span>
     <span class='ocr_line' id='line_1_80' title="bbox 958 1874 1745 1911; baseline -0.001 -9"><span class='ocrx_word' id='word_1_602' title='bbox 958 1885 1018 1903; x_wconf 84' lang='grc' dir='ltr'>σαν</span> <span class='ocrx_word' id='word_1_603' title='bbox 1039 1876 1096 1910; x_wconf 75' lang='grc' dir='ltr'>τὴν</span> <span class='ocrx_word' id='word_1_604' title='bbox 1123 1877 1283 1911; x_wconf 73' lang='grc' dir='ltr'>γέννησιν,</span> <span class='ocrx_word' id='word_1_605' title='bbox 1299 1877 1460 1910; x_wconf 69' lang='grc' dir='ltr'>ἀμερίστως</span> <span class='ocrx_word' id='word_1_606' title='bbox 1478 1876 1511 1901; x_wconf 86' lang='grc' dir='ltr'>δὲ</span> <span class='ocrx_word' id='word_1_607' title='bbox 1522 1875 1677 1905; x_wconf 81' lang='grc' dir='ltr'>σώζουσαν</span> <span class='ocrx_word' id='word_1_608' title='bbox 1689 1874 1745 1908; x_wconf 78' lang='grc' dir='ltr'>τὴν·</span> 
     </span>
     <span class='ocr_line' id='line_1_81' title="bbox 959 1921 1744 1958; baseline -0.005 -9"><span class='ocrx_word' id='word_1_609' title='bbox 959 1924 1032 1957; x_wconf 67' lang='grc' dir='ltr'>πρὲς</span> <span class='ocrx_word' id='word_1_610' title='bbox 1056 1924 1109 1949; x_wconf 79' lang='grc' dir='ltr'>τὸν</span> <span class='ocrx_word' id='word_1_611' title='bbox 1137 1923 1334 1958; x_wconf 71' lang='grc' dir='ltr'>γεγεννηκότα</span> <span class='ocrx_word' id='word_1_612' title='bbox 1355 1923 1402 1948; x_wconf 75' lang='grc' dir='ltr'>καὶ</span> <span class='ocrx_word' id='word_1_613' title='bbox 1421 1922 1603 1954; x_wconf 77' lang='grc' dir='ltr'>πεποιηκότα</span> <span class='ocrx_word' id='word_1_614' title='bbox 1619 1921 1666 1946; x_wconf 78' lang='grc' dir='ltr'>καὶ</span> <span class='ocrx_word' id='word_1_615' title='bbox 1682 1921 1744 1946; x_wconf 78' lang='grc' dir='ltr'>κτί-</span> 
     </span>
     <span class='ocr_line' id='line_1_82' title="bbox 959 1965 1744 2003; baseline -0.005 -8"><span class='ocrx_word' id='word_1_616' title='bbox 959 1977 1055 1996; x_wconf 80' lang='grc' dir='ltr'>σαντα</span> <span class='ocrx_word' id='word_1_617' title='bbox 1069 1969 1187 2002; x_wconf 81' lang='grc' dir='ltr'>σχέσιν.</span> <span class='ocrx_word' id='word_1_618' title='bbox 1204 1969 1234 1994; x_wconf 86' lang='grc' dir='ltr'>Εἰ</span> <span class='ocrx_word' id='word_1_619' title='bbox 1260 1967 1315 2003; x_wconf 81' lang='grc' dir='ltr'>γὰρ</span> <span class='ocrx_word' id='word_1_620' title='bbox 1333 1967 1363 1993; x_wconf 83' lang='grc' dir='ltr'>τὸ</span> <span class='ocrx_word' id='word_1_621' title='bbox 1378 1966 1552 2002; x_wconf 85' lang='grc' dir='ltr'>ἀμεσίτευτόν</span> <span class='ocrx_word' id='word_1_622' title='bbox 1564 1975 1593 1992; x_wconf 86' lang='grc' dir='ltr'>τε</span> <span class='ocrx_word' id='word_1_623' title='bbox 1613 1966 1660 1992; x_wconf 80' lang='grc' dir='ltr'>καὶ</span> <span class='ocrx_word' id='word_1_624' title='bbox 1676 1965 1744 2000; x_wconf 84' lang='grc' dir='ltr'>ἀμέ-</span> 
     </span>
     <span class='ocr_line' id='line_1_83' title="bbox 960 2012 1744 2049; baseline -0.005 -8"><span class='ocrx_word' id='word_1_625' title='bbox 960 2023 1050 2049; x_wconf 82' lang='grc' dir='ltr'>ριστον</span> <span class='ocrx_word' id='word_1_626' title='bbox 1072 2015 1276 2045; x_wconf 82' lang='grc' dir='ltr'>καταλιπόντες,</span> <span class='ocrx_word' id='word_1_627' title='bbox 1290 2013 1373 2048; x_wconf 72' lang='grc' dir='ltr'>αὐτὴν</span> <span class='ocrx_word' id='word_1_628' title='bbox 1388 2013 1429 2047; x_wconf 74' lang='grc' dir='ltr'>ἐφ’</span> <span class='ocrx_word' id='word_1_629' title='bbox 1445 2013 1543 2047; x_wconf 75' lang='grc' dir='ltr'>ἑαυτῆς</span> <span class='ocrx_word' id='word_1_630' title='bbox 1555 2012 1744 2047; x_wconf 82' lang='grc' dir='ltr'>θεωρήσαιμεν</span> 
     </span>
     <span class='ocr_line' id='line_1_84' title="bbox 959 2057 1744 2095; baseline -0.004 -10"><span class='ocrx_word' id='word_1_631' title='bbox 959 2060 1007 2095; x_wconf 82' lang='grc' dir='ltr'>τὴν</span> <span class='ocrx_word' id='word_1_632' title='bbox 1023 2060 1076 2085; x_wconf 82' lang='grc' dir='ltr'>τῶν</span> <span class='ocrx_word' id='word_1_633' title='bbox 1093 2060 1223 2094; x_wconf 79' lang='grc' dir='ltr'>ῥημάτων</span> <span class='ocrx_word' id='word_1_634' title='bbox 1242 2059 1372 2090; x_wconf 87' lang='grc' dir='ltr'>διάνοιαν,</span> <span class='ocrx_word' id='word_1_635' title='bbox 1391 2058 1541 2093; x_wconf 81' lang='grc' dir='ltr'>εὑρήσομεν</span> <span class='ocrx_word' id='word_1_636' title='bbox 1555 2058 1594 2083; x_wconf 83' lang='grc' dir='ltr'>ὅτι</span> <span class='ocrx_word' id='word_1_637' title='bbox 1608 2057 1744 2091; x_wconf 79' lang='grc' dir='ltr'>πανταχοῦ</span> 
     </span>
     <span class='ocr_line' id='line_1_85' title="bbox 958 2102 1744 2140; baseline -0.004 -10"><span class='ocrx_word' id='word_1_638' title='bbox 958 2105 988 2131; x_wconf 85' lang='grc' dir='ltr'>τὸ</span> <span class='ocrx_word' id='word_1_639' title='bbox 1003 2105 1120 2140; x_wconf 81' lang='grc' dir='ltr'>ληρῶδες</span> <span class='ocrx_word' id='word_1_640' title='bbox 1132 2105 1182 2138; x_wconf 80' lang='grc' dir='ltr'>τῆς</span> <span class='ocrx_word' id='word_1_641' title='bbox 1199 2103 1370 2134; x_wconf 81' lang='grc' dir='ltr'>διδασκαλίας</span> <span class='ocrx_word' id='word_1_642' title='bbox 1386 2103 1419 2129; x_wconf 77' lang='grc' dir='ltr'>δι’</span> <span class='ocrx_word' id='word_1_643' title='bbox 1436 2102 1541 2133; x_wconf 72' lang='grc' dir='ltr'>οὐδενὸς</span> <span class='ocrx_word' id='word_1_644' title='bbox 1559 2102 1744 2136; x_wconf 82' lang='grc' dir='ltr'>ίσχυροποιού-</span> 
     </span>
     <span class='ocr_line' id='line_1_86' title="bbox 961 2147 1744 2185; baseline -0.006 -8"><span class='ocrx_word' id='word_1_645' title='bbox 961 2159 1040 2185; x_wconf 89' lang='grc' dir='ltr'>μενον</span> <span class='ocrx_word' id='word_1_646' title='bbox 1051 2151 1127 2184; x_wconf 89' lang='grc' dir='ltr'>λόγου</span> <span class='ocrx_word' id='word_1_647' title='bbox 1143 2151 1201 2180; x_wconf 90' lang='grc' dir='ltr'>ταῖς</span> <span class='ocrx_word' id='word_1_648' title='bbox 1213 2150 1307 2180; x_wconf 85' lang='grc' dir='ltr'>ἀκοαῖς</span> <span class='ocrx_word' id='word_1_649' title='bbox 1319 2149 1373 2175; x_wconf 84' lang='grc' dir='ltr'>τῶν</span> <span class='ocrx_word' id='word_1_650' title='bbox 1387 2148 1572 2182; x_wconf 85' lang='grc' dir='ltr'>ἀπατωμένων</span> <span class='ocrx_word' id='word_1_651' title='bbox 1581 2147 1744 2182; x_wconf 85' lang='grc' dir='ltr'>προσρίπτε-</span> 
     </span>
    </p>
   </div>
   <div class='ocr_carea' id='block_1_17' title="bbox 120 2189 1743 2228">
    <p class='ocr_par' dir='ltr' id='par_1_17' title="bbox 120 2189 1743 2228">
     <span class='ocr_line' id='line_1_87' title="bbox 120 2189 1743 2228; baseline 0.002 -14"><span class='ocrx_word' id='word_1_652' title='bbox 120 2189 294 2222; x_wconf 85' lang='lat' dir='ltr'>deceptorum</span> <span class='ocrx_word' id='word_1_653' title='bbox 323 2190 441 2224; x_wconf 85' lang='lat' dir='ltr'>projicit.</span> <span class='ocrx_word' id='word_1_654' title='bbox 471 2190 539 2216; x_wconf 80' lang='lat' dir='ltr'>Eum</span> <span class='ocrx_word' id='word_1_655' title='bbox 555 2191 599 2224; x_wconf 81' lang='lat' dir='ltr'>qui</span> <span class='ocrx_word' id='word_1_656' title='bbox 624 2192 721 2225; x_wconf 70' lang='lat' dir='ltr'>ymzuit,</span> <span class='ocrx_word' id='word_1_657' title='bbox 751 2192 851 2226; x_wconf 82' lang='lat' dir='ltr'>inquit,</span> <span class='ocrx_word' id='word_1_658' title='bbox 879 2197 904 2219; x_wconf 84' lang='lat' dir='ltr'>et</span> <span class='ocrx_word' id='word_1_659' title='bbox 922 2197 1010 2224; x_wconf 74' lang='grc' dir='ltr'>οται.</span> <span class='ocrx_word' id='word_1_660' title='bbox 1038 2195 1092 2222; x_wconf 75' lang='grc' dir='ltr'>Τὸν</span> <span class='ocrx_word' id='word_1_661' title='bbox 1119 2195 1327 2228; x_wconf 72' lang='grc' dir='ltr'>γεγεννηκότα,</span> <span class='ocrx_word' id='word_1_662' title='bbox 1349 2194 1426 2228; x_wconf 69' lang='grc' dir='ltr'>φησι,</span> <span class='ocrx_word' id='word_1_663' title='bbox 1454 2193 1501 2219; x_wconf 75' lang='grc' dir='ltr'>καὶ</span> <span class='ocrx_word' id='word_1_664' title='bbox 1528 2193 1673 2218; x_wconf 81' lang='grc' dir='ltr'>κτίσαντα</span> <span class='ocrx_word' id='word_1_665' title='bbox 1694 2192 1743 2218; x_wconf 79' lang='grc' dir='ltr'>καὶ</span> 
     </span>
    </p>
   </div>
   <div class='ocr_carea' id='block_1_18' title="bbox 119 2234 907 2588">
    <p class='ocr_par' dir='ltr' id='par_1_18' title="bbox 119 2234 907 2588">
     <span class='ocr_line' id='line_1_88' title="bbox 119 2234 906 2268; baseline 0.006 -10"><span class='ocrx_word' id='word_1_666' title='bbox 119 2234 165 2267; x_wconf 77' lang='lat' dir='ltr'>qui</span> <span class='ocrx_word' id='word_1_667' title='bbox 189 2235 295 2266; x_wconf 77' lang='lat' dir='ltr'>creauit,</span> <span class='ocrx_word' id='word_1_668' title='bbox 330 2239 353 2261; x_wconf 79' lang='lat' dir='ltr'>et</span> <span class='ocrx_word' id='word_1_669' title='bbox 382 2236 426 2268; x_wconf 81' lang='lat' dir='ltr'>qui</span> <span class='ocrx_word' id='word_1_670' title='bbox 453 2235 524 2268; x_wconf 78' lang='lat' dir='ltr'>[ecit.</span> <span class='ocrx_word' id='word_1_671' title='bbox 550 2235 612 2262; x_wconf 76' lang='lat' dir='ltr'>ttaee</span> <span class='ocrx_word' id='word_1_672' title='bbox 644 2237 695 2263; x_wconf 81' lang='lat' dir='ltr'>etsi</span> <span class='ocrx_word' id='word_1_673' title='bbox 728 2237 780 2263; x_wconf 90' lang='lat' dir='ltr'>tria</span> <span class='ocrx_word' id='word_1_674' title='bbox 811 2237 906 2264; x_wconf 81' lang='lat' dir='ltr'>viden-</span> 
     </span>
     <span class='ocr_line' id='line_1_89' title="bbox 122 2284 905 2319; baseline 0.003 -11"><span class='ocrx_word' id='word_1_675' title='bbox 122 2288 176 2312; x_wconf 76' lang='lat' dir='ltr'>tur.</span> <span class='ocrx_word' id='word_1_676' title='bbox 189 2284 305 2309; x_wconf 87' lang='lat' dir='ltr'>duorum</span> <span class='ocrx_word' id='word_1_677' title='bbox 321 2288 411 2310; x_wconf 86' lang='lat' dir='ltr'>tamen</span> <span class='ocrx_word' id='word_1_678' title='bbox 424 2292 554 2311; x_wconf 89' lang='lat' dir='ltr'>sensuum</span> <span class='ocrx_word' id='word_1_679' title='bbox 569 2284 778 2319; x_wconf 83' lang='lat' dir='ltr'>significantiam</span> <span class='ocrx_word' id='word_1_680' title='bbox 794 2284 905 2317; x_wconf 84' lang='lat' dir='ltr'>habent,</span> 
     </span>
     <span class='ocr_line' id='line_1_90' title="bbox 121 2328 906 2364; baseline 0.004 -11"><span class='ocrx_word' id='word_1_681' title='bbox 121 2328 185 2361; x_wconf 88' lang='lat' dir='ltr'>quia</span> <span class='ocrx_word' id='word_1_682' title='bbox 208 2328 269 2355; x_wconf 74' lang='lat' dir='ltr'>duae</span> <span class='ocrx_word' id='word_1_683' title='bbox 289 2334 353 2356; x_wconf 84' lang='lat' dir='ltr'>sunt</span> <span class='ocrx_word' id='word_1_684' title='bbox 370 2338 402 2355; x_wconf 79' lang='lat' dir='ltr'>ex</span> <span class='ocrx_word' id='word_1_685' title='bbox 426 2330 466 2356; x_wconf 85' lang='lat' dir='ltr'>eis</span> <span class='ocrx_word' id='word_1_686' title='bbox 491 2337 572 2357; x_wconf 82' lang='lat' dir='ltr'>voces</span> <span class='ocrx_word' id='word_1_687' title='bbox 601 2338 660 2364; x_wconf 71' lang='lat' dir='ltr'>quae</span> <span class='ocrx_word' id='word_1_688' title='bbox 689 2330 853 2364; x_wconf 70' lang='lat' dir='ltr'>aequivalent</span> <span class='ocrx_word' id='word_1_689' title='bbox 880 2334 906 2357; x_wconf 89' lang='lat' dir='ltr'>et</span> 
     </span>
     <span class='ocr_line' id='line_1_91' title="bbox 121 2372 903 2407; baseline 0.004 -10"><span class='ocrx_word' id='word_1_690' title='bbox 121 2372 288 2398; x_wconf 82' lang='lat' dir='ltr'>conveniunt</span> <span class='ocrx_word' id='word_1_691' title='bbox 307 2374 376 2399; x_wconf 82' lang='lat' dir='ltr'>inter</span> <span class='ocrx_word' id='word_1_692' title='bbox 387 2381 415 2400; x_wconf 86' lang='lat' dir='ltr'>se</span> <span class='ocrx_word' id='word_1_693' title='bbox 432 2374 458 2400; x_wconf 90' lang='lat' dir='ltr'>iu</span> <span class='ocrx_word' id='word_1_694' title='bbox 471 2374 565 2401; x_wconf 82' lang='lat' dir='ltr'>eodem</span> <span class='ocrx_word' id='word_1_695' title='bbox 580 2382 671 2401; x_wconf 84' lang='lat' dir='ltr'>sensu.</span> <span class='ocrx_word' id='word_1_696' title='bbox 688 2374 754 2400; x_wconf 85' lang='lat' dir='ltr'>Nam</span> <span class='ocrx_word' id='word_1_697' title='bbox 767 2374 797 2400; x_wconf 81' lang='grc' dir='ltr'>τὸ</span> <span class='ocrx_word' id='word_1_698' title='bbox 808 2375 903 2407; x_wconf 79' lang='grc' dir='ltr'>ποιεῖν,</span> 
     </span>
     <span class='ocr_line' id='line_1_92' title="bbox 122 2416 906 2454; baseline 0.006 -13"><span class='ocrx_word' id='word_1_699' title='bbox 122 2416 174 2442; x_wconf 88' lang='lat' dir='ltr'>hoc</span> <span class='ocrx_word' id='word_1_700' title='bbox 192 2420 234 2442; x_wconf 84' lang='lat' dir='ltr'>cst</span> <span class='ocrx_word' id='word_1_701' title='bbox 251 2417 346 2450; x_wconf 74' lang='lat' dir='ltr'>facere,</span> <span class='ocrx_word' id='word_1_702' title='bbox 361 2422 387 2444; x_wconf 87' lang='lat' dir='ltr'>et</span> <span class='ocrx_word' id='word_1_703' title='bbox 400 2419 429 2443; x_wconf 76' lang='grc' dir='ltr'>τὸ</span> <span class='ocrx_word' id='word_1_704' title='bbox 441 2418 541 2449; x_wconf 79' lang='grc' dir='ltr'>κτίζειν</span> <span class='ocrx_word' id='word_1_705' title='bbox 559 2419 608 2454; x_wconf 88' lang='lat' dir='ltr'>(a),</span> <span class='ocrx_word' id='word_1_706' title='bbox 624 2419 649 2445; x_wconf 90' lang='lat' dir='ltr'>id</span> <span class='ocrx_word' id='word_1_707' title='bbox 665 2423 706 2446; x_wconf 80' lang='lat' dir='ltr'>est</span> <span class='ocrx_word' id='word_1_708' title='bbox 721 2427 821 2451; x_wconf 73' lang='lat' dir='ltr'>creare,</span> <span class='ocrx_word' id='word_1_709' title='bbox 837 2420 906 2446; x_wconf 88' lang='lat' dir='ltr'>idem</span> 
     </span>
     <span class='ocr_line' id='line_1_93' title="bbox 122 2465 906 2499; baseline 0.006 -12"><span class='ocrx_word' id='word_1_710' title='bbox 122 2468 162 2488; x_wconf 73' lang='lat' dir='ltr'>est</span> <span class='ocrx_word' id='word_1_711' title='bbox 185 2470 314 2496; x_wconf 81' lang='lat' dir='ltr'>prorsus;</span> <span class='ocrx_word' id='word_1_712' title='bbox 333 2472 427 2490; x_wconf 75' lang='lat' dir='ltr'>verum</span> <span class='ocrx_word' id='word_1_713' title='bbox 442 2466 581 2498; x_wconf 81' lang='lat' dir='ltr'>generatio</span> <span class='ocrx_word' id='word_1_714' title='bbox 617 2465 707 2492; x_wconf 84' lang='lat' dir='ltr'>differt</span> <span class='ocrx_word' id='word_1_715' title='bbox 726 2466 760 2492; x_wconf 85' lang='lat' dir='ltr'>ab</span> <span class='ocrx_word' id='word_1_716' title='bbox 772 2466 906 2499; x_wconf 85' lang='lat' dir='ltr'>utrisque.</span> 
     </span>
     <span class='ocr_line' id='line_1_94' title="bbox 122 2508 907 2546; baseline 0.005 -13"><span class='ocrx_word' id='word_1_717' title='bbox 122 2508 190 2534; x_wconf 75' lang='lat' dir='ltr'>Cum</span> <span class='ocrx_word' id='word_1_718' title='bbox 214 2508 297 2542; x_wconf 78' lang='lat' dir='ltr'>igitur</span> <span class='ocrx_word' id='word_1_719' title='bbox 321 2511 475 2536; x_wconf 84' lang='lat' dir='ltr'>communis</span> <span class='ocrx_word' id='word_1_720' title='bbox 500 2511 640 2537; x_wconf 83' lang='lat' dir='ltr'>hominum</span> <span class='ocrx_word' id='word_1_721' title='bbox 662 2511 755 2546; x_wconf 84' lang='lat' dir='ltr'>opinio</span> <span class='ocrx_word' id='word_1_722' title='bbox 777 2511 808 2537; x_wconf 91' lang='lat' dir='ltr'>ad</span> <span class='ocrx_word' id='word_1_723' title='bbox 830 2511 907 2538; x_wconf 77' lang='lat' dir='ltr'>diffe-</span> 
     </span>
     <span class='ocr_line' id='line_1_95' title="bbox 123 2555 907 2588; baseline 0.004 -9"><span class='ocrx_word' id='word_1_724' title='bbox 123 2555 239 2580; x_wconf 84' lang='lat' dir='ltr'>rentiam</span> <span class='ocrx_word' id='word_1_725' title='bbox 253 2562 349 2581; x_wconf 82' lang='lat' dir='ltr'>sensus</span> <span class='ocrx_word' id='word_1_726' title='bbox 360 2562 392 2580; x_wconf 80' lang='lat' dir='ltr'>cx</span> <span class='ocrx_word' id='word_1_727' title='bbox 403 2555 546 2581; x_wconf 79' lang='lat' dir='ltr'>verborum</span> <span class='ocrx_word' id='word_1_728' title='bbox 559 2556 740 2588; x_wconf 71' lang='lat' dir='ltr'>significantia</span> <span class='ocrx_word' id='word_1_729' title='bbox 752 2556 907 2588; x_wconf 77' lang='lat' dir='ltr'>dividatur;</span> 
     </span>
    </p>
   </div>
   <div class='ocr_carea' id='block_1_19' title="bbox 159 2631 418 2664">
    <p class='ocr_par' dir='ltr' id='par_1_19' title="bbox 159 2631 418 2664">
     <span class='ocr_line' id='line_1_96' title="bbox 159 2631 418 2664; baseline 0 -6"><span class='ocrx_word' id='word_1_730' title='bbox 159 2632 191 2646; x_wconf 76' lang='lat'>²³⁴</span> <span class='ocrx_word' id='word_1_731' title='bbox 207 2632 216 2658; x_wconf 88' lang='lat'>1</span> <span class='ocrx_word' id='word_1_732' title='bbox 234 2631 295 2659; x_wconf 88' lang='lat' dir='ltr'>Cor.</span> <span class='ocrx_word' id='word_1_733' title='bbox 315 2640 355 2664; x_wconf 88' lang='grc' dir='ltr'>ιιι,</span> <span class='ocrx_word' id='word_1_734' title='bbox 375 2633 418 2659; x_wconf 73' lang='lat'>12.</span> 
     </span>
    </p>
   </div>
   <div class='ocr_carea' id='block_1_20' title="bbox 125 2712 907 2816">
    <p class='ocr_par' dir='ltr' id='par_1_20' title="bbox 125 2712 907 2816">
     <span class='ocr_line' id='line_1_97' title="bbox 159 2712 907 2748; baseline 0.005 -10"><span class='ocrx_word' id='word_1_735' title='bbox 159 2713 197 2745; x_wconf 81' lang='lat' dir='ltr'>(a)</span> <span class='ocrx_word' id='word_1_736' title='bbox 210 2712 265 2739; x_wconf 77' lang='lat' dir='ltr'>{loc</span> <span class='ocrx_word' id='word_1_737' title='bbox 280 2713 393 2739; x_wconf 76' lang='lat' dir='ltr'>verbum</span> <span class='ocrx_word' id='word_1_738' title='bbox 410 2717 451 2739; x_wconf 80' lang='lat' dir='ltr'>cst</span> <span class='ocrx_word' id='word_1_739' title='bbox 467 2713 617 2740; x_wconf 72' lang='lat' dir='ltr'>secundum</span> <span class='ocrx_word' id='word_1_740' title='bbox 628 2713 748 2740; x_wconf 71' lang='lat' dir='ltr'>Crwcam</span> <span class='ocrx_word' id='word_1_741' title='bbox 769 2715 907 2748; x_wconf 58' lang='lat' dir='ltr'>phrasim</span> 
     </span>
     <span class='ocr_line' id='line_1_98' title="bbox 125 2748 906 2781; baseline 0.004 -8"><span class='ocrx_word' id='word_1_742' title='bbox 125 2755 186 2773; x_wconf 85' lang='lat' dir='ltr'>nam</span> <span class='ocrx_word' id='word_1_743' title='bbox 217 2756 264 2781; x_wconf 87' lang='lat' dir='ltr'>pro</span> <span class='ocrx_word' id='word_1_744' title='bbox 290 2749 383 2774; x_wconf 71' lang='lat' dir='ltr'>cosli-m</span> <span class='ocrx_word' id='word_1_745' title='bbox 412 2749 441 2773; x_wconf 63' lang='grc' dir='ltr'>το</span> <span class='ocrx_word' id='word_1_746' title='bbox 466 2748 567 2779; x_wconf 73' lang='grc' dir='ltr'>κτίζειν</span> <span class='ocrx_word' id='word_1_747' title='bbox 594 2752 619 2775; x_wconf 84' lang='lat' dir='ltr'>et</span> <span class='ocrx_word' id='word_1_748' title='bbox 649 2749 678 2774; x_wconf 71' lang='grc' dir='ltr'>τῖι</span> <span class='ocrx_word' id='word_1_749' title='bbox 708 2751 793 2775; x_wconf 74' lang='grc' dir='ltr'>ποιεῖν</span> <span class='ocrx_word' id='word_1_750' title='bbox 821 2751 906 2777; x_wconf 61' lang='lat' dir='ltr'>(isan-i</span> 
     </span>
     <span class='ocr_line' id='line_1_99' title="bbox 126 2783 899 2816; baseline 0.005 -8"><span class='ocrx_word' id='word_1_751' title='bbox 126 2788 238 2816; x_wconf 86' lang='lat' dir='ltr'>ponunt.</span> <span class='ocrx_word' id='word_1_752' title='bbox 252 2783 339 2810; x_wconf 77' lang='lat' dir='ltr'>Latini</span> <span class='ocrx_word' id='word_1_753' title='bbox 364 2787 452 2810; x_wconf 80' lang='lat' dir='ltr'>autem</span> <span class='ocrx_word' id='word_1_754' title='bbox 474 2783 581 2811; x_wconf 82' lang='lat' dir='ltr'>dill&#39;crre</span> <span class='ocrx_word' id='word_1_755' title='bbox 600 2784 695 2811; x_wconf 81' lang='lat' dir='ltr'>dicunt</span> <span class='ocrx_word' id='word_1_756' title='bbox 709 2793 714 2810; x_wconf 91' lang='lat'>:</span> <span class='ocrx_word' id='word_1_757' title='bbox 729 2792 789 2811; x_wconf 85' lang='lat' dir='ltr'>nam</span> <span class='ocrx_word' id='word_1_758' title='bbox 806 2793 899 2812; x_wconf 80' lang='lat' dir='ltr'>creare</span> 
     </span>
    </p>
   </div>
   <div class='ocr_carea' id='block_1_21' title="bbox 958 2236 1744 2594">
    <p class='ocr_par' dir='ltr' id='par_1_21' title="bbox 958 2236 1744 2594">
     <span class='ocr_line' id='line_1_100' title="bbox 960 2236 1744 2273; baseline -0.005 -7"><span class='ocrx_word' id='word_1_759' title='bbox 960 2239 1139 2273; x_wconf 77' lang='grc' dir='ltr'>ποιήσαντα.</span> <span class='ocrx_word' id='word_1_760' title='bbox 1169 2236 1260 2265; x_wconf 69' lang='grc' dir='ltr'>Ταῦτα</span> <span class='ocrx_word' id='word_1_761' title='bbox 1281 2238 1331 2264; x_wconf 75' lang='grc' dir='ltr'>κᾶν</span> <span class='ocrx_word' id='word_1_762' title='bbox 1358 2238 1420 2272; x_wconf 82' lang='grc' dir='ltr'>τρία</span> <span class='ocrx_word' id='word_1_763' title='bbox 1439 2237 1521 2268; x_wconf 79' lang='grc' dir='ltr'>δοκεῖ,</span> <span class='ocrx_word' id='word_1_764' title='bbox 1542 2237 1588 2262; x_wconf 80' lang='grc' dir='ltr'>δύο</span> <span class='ocrx_word' id='word_1_765' title='bbox 1602 2237 1744 2271; x_wconf 83' lang='grc' dir='ltr'>νοημάτων</span> 
     </span>
     <span class='ocr_line' id='line_1_101' title="bbox 960 2282 1744 2319; baseline -0.003 -9"><span class='ocrx_word' id='word_1_766' title='bbox 960 2285 1016 2319; x_wconf 79' lang='grc' dir='ltr'>ἔχει</span> <span class='ocrx_word' id='word_1_767' title='bbox 1045 2284 1094 2318; x_wconf 85' lang='grc' dir='ltr'>τὴν</span> <span class='ocrx_word' id='word_1_768' title='bbox 1117 2284 1264 2319; x_wconf 84' lang='grc' dir='ltr'>σημασίαν,</span> <span class='ocrx_word' id='word_1_769' title='bbox 1287 2283 1324 2317; x_wconf 82' lang='grc' dir='ltr'>τῷ</span> <span class='ocrx_word' id='word_1_770' title='bbox 1343 2283 1391 2313; x_wconf 81' lang='grc' dir='ltr'>τὰς</span> <span class='ocrx_word' id='word_1_771' title='bbox 1412 2282 1456 2308; x_wconf 80' lang='grc' dir='ltr'>δύο</span> <span class='ocrx_word' id='word_1_772' title='bbox 1471 2283 1560 2316; x_wconf 74' lang='grc' dir='ltr'>φωνὰς</span> <span class='ocrx_word' id='word_1_773' title='bbox 1577 2283 1744 2316; x_wconf 79' lang='grc' dir='ltr'>ἰσοδυναμεῖν</span> 
     </span>
     <span class='ocr_line' id='line_1_102' title="bbox 959 2328 1743 2364; baseline 0 -9"><span class='ocrx_word' id='word_1_774' title='bbox 959 2330 1086 2364; x_wconf 83' lang='grc' dir='ltr'>ἀλλήλαις</span> <span class='ocrx_word' id='word_1_775' title='bbox 1100 2330 1169 2355; x_wconf 79' lang='grc' dir='ltr'>κατὰ</span> <span class='ocrx_word' id='word_1_776' title='bbox 1185 2329 1233 2364; x_wconf 83' lang='grc' dir='ltr'>τὴν</span> <span class='ocrx_word' id='word_1_777' title='bbox 1246 2329 1358 2355; x_wconf 75' lang='grc' dir='ltr'>ἔννοιαν.</span> <span class='ocrx_word' id='word_1_778' title='bbox 1369 2329 1405 2354; x_wconf 80' lang='grc' dir='ltr'>Τὸ</span> <span class='ocrx_word' id='word_1_779' title='bbox 1416 2329 1469 2364; x_wconf 79' lang='grc' dir='ltr'>γὰρ</span> <span class='ocrx_word' id='word_1_780' title='bbox 1480 2328 1590 2362; x_wconf 79' lang='grc' dir='ltr'>ποιῆσαι</span> <span class='ocrx_word' id='word_1_781' title='bbox 1600 2328 1639 2362; x_wconf 85' lang='grc' dir='ltr'>τῷ</span> <span class='ocrx_word' id='word_1_782' title='bbox 1654 2328 1743 2355; x_wconf 84' lang='grc' dir='ltr'>κτίσαι</span> 
     </span>
     <span class='ocr_line' id='line_1_103' title="bbox 958 2375 1742 2410; baseline -0.003 -7"><span class='ocrx_word' id='word_1_783' title='bbox 958 2377 1055 2403; x_wconf 82' lang='grc' dir='ltr'>ταύτόν</span> <span class='ocrx_word' id='word_1_784' title='bbox 1069 2377 1156 2402; x_wconf 77' lang='grc' dir='ltr'>ἐστιν’</span> <span class='ocrx_word' id='word_1_785' title='bbox 1169 2376 1261 2410; x_wconf 67' lang='grc' dir='ltr'>ἕτερον</span> <span class='ocrx_word' id='word_1_786' title='bbox 1274 2376 1302 2402; x_wconf 83' lang='grc' dir='ltr'>δὲ</span> <span class='ocrx_word' id='word_1_787' title='bbox 1311 2377 1344 2402; x_wconf 76' lang='grc' dir='ltr'>τὰ</span> <span class='ocrx_word' id='word_1_788' title='bbox 1353 2376 1427 2410; x_wconf 73' lang='grc' dir='ltr'>παρὰ</span> <span class='ocrx_word' id='word_1_789' title='bbox 1439 2375 1593 2409; x_wconf 79' lang='grc' dir='ltr'>εἰρημέναή</span> <span class='ocrx_word' id='word_1_790' title='bbox 1608 2375 1742 2410; x_wconf 85' lang='grc' dir='ltr'>γέννησις.</span> 
     </span>
     <span class='ocr_line' id='line_1_104' title="bbox 959 2420 1744 2457; baseline -0.003 -9"><span class='ocrx_word' id='word_1_791' title='bbox 959 2423 1014 2457; x_wconf 82' lang='grc' dir='ltr'>Τῆς</span> <span class='ocrx_word' id='word_1_792' title='bbox 1026 2420 1071 2448; x_wconf 82' lang='grc' dir='ltr'>οὗν</span> <span class='ocrx_word' id='word_1_793' title='bbox 1087 2422 1179 2456; x_wconf 76' lang='grc' dir='ltr'>κοινῆς</span> <span class='ocrx_word' id='word_1_794' title='bbox 1194 2422 1248 2447; x_wconf 83' lang='grc' dir='ltr'>τῶν</span> <span class='ocrx_word' id='word_1_795' title='bbox 1262 2421 1411 2456; x_wconf 81' lang='grc' dir='ltr'>ἀνθρώπων</span> <span class='ocrx_word' id='word_1_796' title='bbox 1424 2421 1593 2455; x_wconf 76' lang='grc' dir='ltr'>ὑπολήψεως,</span> <span class='ocrx_word' id='word_1_797' title='bbox 1607 2420 1673 2455; x_wconf 75' lang='grc' dir='ltr'>πρὸς</span> <span class='ocrx_word' id='word_1_798' title='bbox 1689 2421 1744 2447; x_wconf 86' lang='grc' dir='ltr'>δια-</span> 
     </span>
     <span class='ocr_line' id='line_1_105' title="bbox 959 2466 1743 2503; baseline -0.003 -10"><span class='ocrx_word' id='word_1_799' title='bbox 959 2469 1056 2503; x_wconf 79' lang='grc' dir='ltr'>φόρους</span> <span class='ocrx_word' id='word_1_800' title='bbox 1070 2467 1172 2498; x_wconf 81' lang='grc' dir='ltr'>ὲννοίας</span> <span class='ocrx_word' id='word_1_801' title='bbox 1188 2468 1219 2492; x_wconf 81' lang='grc' dir='ltr'>ἐκ</span> <span class='ocrx_word' id='word_1_802' title='bbox 1241 2467 1289 2501; x_wconf 83' lang='grc' dir='ltr'>τῆς</span> <span class='ocrx_word' id='word_1_803' title='bbox 1304 2467 1356 2492; x_wconf 82' lang='grc' dir='ltr'>τῶν</span> <span class='ocrx_word' id='word_1_804' title='bbox 1370 2466 1498 2501; x_wconf 72' lang='grc' dir='ltr'>ῥημάτων</span> <span class='ocrx_word' id='word_1_805' title='bbox 1517 2466 1654 2500; x_wconf 87' lang='grc' dir='ltr'>σημασίας</span> <span class='ocrx_word' id='word_1_806' title='bbox 1666 2474 1743 2500; x_wconf 87' lang='grc' dir='ltr'>μερι-</span> 
     </span>
     <span class='ocr_line' id='line_1_106' title="bbox 959 2509 1741 2548; baseline -0.005 -8"><span class='ocrx_word' id='word_1_807' title='bbox 959 2515 1083 2548; x_wconf 82' lang='grc' dir='ltr'>ζομένης,</span> <span class='ocrx_word' id='word_1_808' title='bbox 1108 2514 1149 2544; x_wconf 89' lang='grc' dir='ltr'>τίς</span> <span class='ocrx_word' id='word_1_809' title='bbox 1172 2514 1237 2547; x_wconf 83' lang='grc' dir='ltr'>ἡμῖν</span> <span class='ocrx_word' id='word_1_810' title='bbox 1269 2513 1387 2545; x_wconf 79' lang='grc' dir='ltr'>ἐπέδειξε</span> <span class='ocrx_word' id='word_1_811' title='bbox 1413 2513 1489 2546; x_wconf 84' lang='grc' dir='ltr'>λόγος</span> <span class='ocrx_word' id='word_1_812' title='bbox 1509 2511 1606 2537; x_wconf 76' lang='grc' dir='ltr'>ταύτὸν</span> <span class='ocrx_word' id='word_1_813' title='bbox 1622 2509 1689 2537; x_wconf 75' lang='grc' dir='ltr'>εἶναι</span> <span class='ocrx_word' id='word_1_814' title='bbox 1709 2512 1741 2545; x_wconf 82' lang='grc' dir='ltr'>τῇ</span> 
     </span>
     <span class='ocr_line' id='line_1_107' title="bbox 958 2556 1742 2594; baseline -0.005 -9"><span class='ocrx_word' id='word_1_815' title='bbox 958 2560 1083 2594; x_wconf 86' lang='grc' dir='ltr'>γεννήσει</span> <span class='ocrx_word' id='word_1_816' title='bbox 1112 2558 1140 2584; x_wconf 81' lang='grc' dir='ltr'>τὸ</span> <span class='ocrx_word' id='word_1_817' title='bbox 1169 2557 1287 2592; x_wconf 82' lang='grc' dir='ltr'>ποίημα·</span> <span class='ocrx_word' id='word_1_818' title='bbox 1318 2557 1361 2584; x_wconf 82' lang='grc' dir='ltr'>ἴνα</span> <span class='ocrx_word' id='word_1_819' title='bbox 1383 2557 1431 2592; x_wconf 84' lang='grc' dir='ltr'>τὴν</span> <span class='ocrx_word' id='word_1_820' title='bbox 1455 2556 1518 2592; x_wconf 85' lang='grc' dir='ltr'>μίαν</span> <span class='ocrx_word' id='word_1_821' title='bbox 1536 2556 1627 2583; x_wconf 71' lang='grc' dir='ltr'>οὐσίαν</span> <span class='ocrx_word' id='word_1_822' title='bbox 1642 2557 1675 2591; x_wconf 82' lang='grc' dir='ltr'>τῇ</span> <span class='ocrx_word' id='word_1_823' title='bbox 1690 2556 1742 2581; x_wconf 84' lang='grc' dir='ltr'>τῶν</span> 
     </span>
    </p>
   </div>
   <div class='ocr_carea' id='block_1_22' title="bbox 961 2706 1742 2790">
    <p class='ocr_par' dir='ltr' id='par_1_22' title="bbox 961 2706 1742 2790">
     <span class='ocr_line' id='line_1_108' title="bbox 961 2706 1742 2759; baseline -0.001 -13"><span class='ocrx_word' id='word_1_824' title='bbox 961 2706 1069 2756; x_wconf 61' lang='lat' dir='ltr'>proprie</span> <span class='ocrx_word' id='word_1_825' title='bbox 1086 2720 1203 2759; x_wconf 51' lang='lat' dir='ltr'>dicitnr„</span> <span class='ocrx_word' id='word_1_826' title='bbox 1219 2727 1252 2746; x_wconf 78' lang='lat' dir='ltr'>ex</span> <span class='ocrx_word' id='word_1_827' title='bbox 1274 2718 1370 2752; x_wconf 86' lang='lat' dir='ltr'>nihilo,</span> <span class='ocrx_word' id='word_1_828' title='bbox 1396 2717 1486 2745; x_wconf 87' lang='lat' dir='ltr'>saccre</span> <span class='ocrx_word' id='word_1_829' title='bbox 1506 2725 1570 2745; x_wconf 83' lang='lat' dir='ltr'>vcro</span> <span class='ocrx_word' id='word_1_830' title='bbox 1592 2725 1625 2745; x_wconf 80' lang='lat' dir='ltr'>ex</span> <span class='ocrx_word' id='word_1_831' title='bbox 1652 2717 1742 2753; x_wconf 67' lang='lat' dir='ltr'>aliqua</span> 
     </span>
     <span class='ocr_line' id='line_1_109' title="bbox 962 2757 1232 2790; baseline -0.011 -7"><span class='ocrx_word' id='word_1_832' title='bbox 962 2757 1084 2790; x_wconf 82' lang='lat' dir='ltr'>subjecta</span> <span class='ocrx_word' id='word_1_833' title='bbox 1109 2759 1232 2782; x_wconf 81' lang='lat' dir='ltr'>materia.</span> 
     </span>
    </p>
   </div>
  </div>
 </body>
</html>
