1840 3036
172 169 224 196 839

770 167 799 194 S.
820 164 982 193 Gtttzssontt
1003 164 1145 191 NYSSENJ

1740 165 1792 195 840

173 228 238 251 tiam
255 224 388 259 perspicio
404 232 411 256 ·‚
427 223 499 250 vetut
521 225 592 251 cuim
614 231 702 251 arenae
715 232 852 253 acervum.
873 227 953 258 prout
968 225 991 253 Α
1004 222 1079 253 δείας
1092 223 1200 257 ῥήματα
1214 222 1399 256 συμφορήσας,
1415 222 1485 257 μετὰ
1497 222 1579 248 ταῦτα
1598 221 1731 256 λογίζεται
1744 224 1792 257 τὴν

172 272 238 297 eiin
267 276 383 296 mentem
410 270 493 300 venit,
520 270 667 304 impietatis
693 271 773 298 verba
796 277 957 304 congerens.

174 320 267 349 postea
299 315 422 341 insanam
443 315 640 349 blasphemiam
671 323 725 343 non
754 315 958 346 animadvertit,

174 361 275 395 absque
287 361 338 387 ulla
357 361 480 387 rationali
504 361 698 389 consecutione
723 361 836 389 fortuito
854 365 880 388 et
892 369 958 388 casu

174 414 260 441 perca
276 414 335 440 qna}
346 406 378 432 ab
393 414 424 433 eo
439 410 502 433 sunt
525 407 597 434 dicta
613 408 800 442 pullulantem.
814 407 872 434 Non
886 408 958 435 enim

173 452 291 478 arbitror
301 459 333 478 ex
348 453 486 486 proposito
498 454 682 487 generationis
699 453 905 480 subsistentiam
922 453 957 480 ab

173 499 232 532 ipso
247 499 389 524 eontictam
401 505 472 529 esse.
489 498 547 525 loeo
563 498 652 526 Patris
666 500 791 526 essentiae
806 498 865 525 Filii
881 506 959 526 aece-

172 544 288 569 ‹lente1n.
307 543 396 578 Neque
412 542 515 569 Patrem
534 551 547 569 a
568 543 627 570 Filii
644 545 817 579 generatione
836 545 956 571 alienum

171 589 370 619 demonstrare,
393 588 442 614 suit
467 589 521 620 hic,
538 589 610 616 sicut
625 598 696 621 reor,
727 597 827 624 scopus
856 591 958 617 oratori

173 635 347 669 propositus;
365 642 452 667 neque
472 635 523 661 hoc
536 643 550 661 a
566 636 656 670 seipso
675 644 760 670 genus
774 636 876 663 habens
895 644 958 671 por-

172 685 286 709 tentum.
304 688 349 714 per
365 681 482 714 aliquam
498 681 704 708 antecedentem
733 682 958 709 deliberationem

172 726 274 752 illatum
289 731 338 752 est.
358 725 410 752 Sed
428 727 519 752 onmia
541 727 605 753 talia
622 728 725 762 absque
750 735 831 755 sensu
850 735 897 763 per
913 735 960 754 vo-

171 774 265 799 mitum
279 773 312 798 ab
335 772 386 798 hoc
409 772 595 806 scriptitatore
615 777 678 799 sunt
692 778 795 808 egesta,
811 777 840 800 ut
867 774 892 800 in
918 774 959 800 his

171 826 224 844 non
241 817 319 852 longa
334 817 368 843 sit
379 818 555 844 accusatione
572 818 671 852 dignus
687 819 733 853 qni
749 823 823 845 errat
838 819 959 846 indocti-

172 864 278 893 mentis,
296 872 383 897 neque
407 864 485 894 sciat,
501 864 571 891 sient
595 864 715 899 loquitur
736 865 893 900 Apostolus,
912 874 959 893 ne—

170 917 223 943 que
243 909 314 943 qnod
332 909 408 940 dicit,
421 916 508 943 neque
520 909 552 936 de
568 910 666 944 quibus
684 909 798 937 affirmat
814 911 846 938 ¹³.

205 955 253 981 Cui
270 955 353 986 enim,
369 955 465 989 inquit,
479 963 539 982 csse
566 956 700 991 contingit
724 964 756 983 ex
773 964 805 983 eo
827 957 899 991 quod
924 958 956 985 sit

171 1001 288 1036 genitus.
307 1002 348 1028 hic
373 1006 435 1028 ante
454 1003 657 1037 generationem
683 1011 735 1029 non
761 1008 831 1030 erat.
856 1003 883 1030 Si
910 1012 958 1039 pro

171 1046 250 1074 Patre
275 1047 429 1082 intelligens
455 1048 658 1081 generationem
682 1048 758 1079 dicit,
781 1056 830 1082 ego
851 1057 958 1084 quoque

172 1093 317 1125 assentior,
335 1098 361 1119 et
379 1101 432 1120 non
460 1098 501 1120 est
523 1093 568 1128 qui
592 1095 780 1121 contradicat:
799 1095 868 1121 idem
886 1096 958 1122 enim

172 1147 219 1173 per
235 1143 378 1173 utramque
393 1139 540 1166 dictionem
557 1139 619 1166 licet
638 1140 814 1174 significare—2
832 1145 857 1167 et
877 1149 909 1168 cx
926 1149 958 1168 eo

171 1185 243 1218 quod
263 1185 325 1218 quis
345 1184 428 1215 dicat,
449 1185 519 1218 quod
545 1185 683 1212 Abraham
701 1187 794 1221 gennit
814 1186 908 1221 1saac;
933 1193 959 1216 et

172 1238 221 1264 pro
243 1231 343 1264 qemun,
359 1230 430 1265 qnod
448 1235 524 1264 pater
542 1230 592 1258 suit
615 1231 706 1259 Isaac:
725 1234 852 1267 qnoniam
877 1235 959 1269 igitur

174 1275 243 1302 idem
258 1280 298 1302 est
316 1275 441 1310 genuisse
459 1279 484 1302 et
502 1280 605 1309 patrem
621 1284 690 1308 esse,
705 1278 727 1304 si
745 1278 806 1312 quis
821 1279 847 1305 in
871 1279 954 1307 altera

173 1321 260 1348 forma
287 1321 402 1355 accipiat
417 1322 509 1353 verba,
532 1322 602 1349 idem
618 1330 679 1350 esse
703 1330 765 1350 cum
784 1325 959 1360 generatione

174 1368 324 1402 paternitas
341 1367 583 1394 demonstrabitur.
610 1368 638 1395 Si
671 1369 753 1404 igitur
769 1371 808 1398 sic
837 1371 959 1406 loquitur

174 1413 323 1440 Ennomius
337 1422 343 1439 :
359 1413 429 1447 quod
455 1413 499 1439 cui
516 1421 549 1440 ex
570 1414 648 1441 Patre
672 1419 714 1441 est
742 1424 812 1448 esse,
832 1416 876 1443 hic
896 1422 959 1445 ante

175 1459 280 1485 Patrem
311 1467 365 1485 non
393 1463 461 1489 erat,
479 1467 563 1486 sanus
582 1465 623 1486 est
642 1468 742 1492 sermo,
760 1466 787 1488 et
807 1469 856 1489 nos
875 1463 957 1491 dictis

174 1505 307 1531 caleulum
323 1505 414 1531 album
431 1504 584 1538 adjicimus.
602 1505 679 1538 Quod
695 1507 718 1533 si
739 1507 772 1534 ad
803 1509 876 1535 illam
900 1517 958 1536 ser-

175 1557 253 1576 mone
267 1550 383 1576 recurrit
408 1551 620 1585 generationem,
652 1556 678 1578 et
694 1556 847 1587 separatam
865 1562 926 1582 esse
944 1562 958 1581 a

175 1596 255 1622 Patre
272 1596 423 1627 contendit,
442 1601 538 1623 etcum
556 1597 622 1624 Filio
638 1598 803 1633 copulatam,
820 1608 919 1627 vanum
934 1605 959 1628 et

175 1648 284 1668 cassum
301 1649 361 1668 esse
374 1642 491 1668 arbitror
504 1643 530 1669 in
540 1651 629 1670 rerum
650 1644 772 1672 inanium
799 1649 825 1672 et
840 1645 957 1673 rutilium

174 1692 200 1713 et
225 1694 239 1713 a
271 1688 375 1715 ratione
397 1688 535 1715 deviarunt
567 1690 752 1724 speculatione
777 1691 880 1719 diutius
908 1692 960 1719 im-

175 1733 286 1759 morari.
311 1732 402 1767 Neque
418 1734 488 1760 enim
510 1734 565 1761 sive
594 1742 651 1761 rem
677 1735 703 1762 in
728 1736 837 1770 propria
868 1738 960 1764 subsi-

175 1779 274 1805 stentia
293 1783 442 1813 spectatam
465 1780 666 1813 generationem
683 1785 769 1815 putat,
787 1790 875 1817 neque
887 1784 910 1811 si
926 1784 959 1810 ad

176 1825 276 1858 aliquid
297 1823 369 1858 quod
387 1832 439 1850 non
455 1825 586 1852 subsistat
602 1826 759 1854 notionibus
778 1835 826 1861 per
843 1828 894 1855 hoc
909 1836 958 1855 no*

176 1878 236 1896 men
269 1870 444 1903 pertrahitur,
472 1870 605 1898 haetenus
630 1879 662 1898 ex
692 1872 773 1899 dictis
801 1874 960 1908 conspicere

176 1915 328 1949 potuimus:
349 1915 433 1941 fertur
447 1915 518 1941 enim
537 1916 563 1942 in
577 1920 722 1951 utramque
737 1918 893 1952 opinionem
906 1927 960 1946 non

177 1961 244 1987 bene
260 1965 417 1995 compactus
430 1969 478 1987 nec
490 1961 573 1988 firmis
586 1962 843 1991 radicibusinnixus
856 1973 959 1999 sermo,

177 2006 311 2032 inclinans
323 2006 355 2032 ad
380 2006 405 2032 id
421 2006 492 2040 qnozl
510 2007 669 2042 intelligenti
690 2010 776 2044 magis
792 2011 940 2044 placuerit.

213 2050 265 2076 Sed
282 2050 403 2076 nondum
425 2051 599 2084 blasphemiae
621 2055 784 2081 acerbitates
800 2057 961 2083 examinaue

178 2099 255 2125 sunt,
288 2102 355 2129 quas
371 2095 398 2122 in
417 2097 594 2130 sequentibus
626 2099 739 2133 scriptis
770 2100 884 2134 adjicit;
913 2102 960 2128 sed

175 2141 230 2174 jam
245 2141 301 2174 ejus
318 2142 389 2169 dicta
404 2142 436 2168 ad
456 2143 568 2170 verbum
583 2145 798 2173 consideremus.
815 2146 891 2173 llaud
904 2149 961 2175 scio

179 2194 244 2213 sane
272 2187 407 2220 quomodo
422 2187 577 2214 horrificam
602 2193 628 2215 et
655 2189 765 2224 impiam
788 2192 891 2219 Christi
913 2201 961 2228 op—

179 2232 337 2265 pugnatoris
357 2231 476 2258 haerctici
501 2233 679 2267 scriptionem
699 2236 799 2262 audere
827 2236 891 2263 licet
913 2244 960 2264 orc

178 2276 316 2310 μυῖαι-τος
334 2285 429 2303 vereor
450 2285 482 2304 ne
500 2278 541 2304 ori
557 2286 604 2312 per
620 2279 691 2313 quod
708 2280 820 2307 verbum
851 2283 960 2313 transit,

180 2321 298 2346 letalium
317 2329 481 2348 venenorum
497 2330 574 2350 mure
604 2324 751 2351 mortiferae
771 2327 963 2354 amaritudinis

179 2366 307 2400 reliquias
336 2367 419 2393 indat.
454 2367 572 2400 Oportet,
599 2368 685 2403 inquit
710 2370 869 2404 Apostolus,
888 2380 963 2398 acce-

178 2411 279 2436 dentem
296 2411 328 2436 αι]
349 2411 429 2437 Deum
445 2413 548 2439 credere
563 2415 625 2448 quia
641 2420 678 2440 cst
696 2415 727 2441 ¹².
753 2415 836 2450 tgitur
851 2417 963 2444 deitatis

179 2457 316 2490 proprium
341 2457 469 2483 indicium
487 2462 527 2485 est
548 2468 609 2486 vere
626 2469 697 2487 esse.
716 2461 765 2488 llic
782 2467 871 2489 autem
900 2471 960 2490 eum

179 2502 224 2536 qni
246 2509 307 2527 vere
330 2506 381 2532 est.
401 2502 518 2529 adstruit
546 2505 584 2530 vel
610 2513 662 2531 non
687 2507 795 2540 proprie
820 2515 897 2539 esse,
921 2508 962 2534 vel

179 2556 231 2574 non
249 2548 275 2574 in
291 2548 447 2574 universum
468 2557 546 2575 csse:
563 2552 633 2584 quod
664 2552 734 2578 idem
749 2556 789 2580 est
805 2560 836 2579 ac
852 2554 874 2580 si
890 2554 962 2581 dicat.

178 2594 250 2627 quis,
265 2594 375 2619 omnino
389 2599 413 2620 et
439 2594 545 2627 penitus
567 2603 620 2621 non
637 2605 712 2629 esse3
737 2599 782 2632 qui
806 2599 877 2625 enim
899 2608 961 2634 pro-

179 2640 235 2674 prie
254 2647 306 2665 non
331 2643 382 2671 est,
408 2647 495 2673 neque
511 2644 551 2666 est
576 2640 709 2669 funditus.
727 2644 960 2675 Quemadmodum

178 2685 201 2711 is
220 2684 318 2712 dieitur
336 2693 381 2719 per
401 2685 582 2719 phantasiam.
606 2688 662 2713 sive
693 2688 913 2723 imaginationem
934 2691 961 2717 in

178 2730 281 2757 §onmis
296 2738 416 2762 currere,
433 2730 478 2765 qui
503 2738 599 2756 cursus
618 2732 708 2759 studio
735 2742 843 2762 currere
869 2736 963 2770 imagi-

179 2780 267 2802 natur.
283 2776 333 2803 Sed
349 2776 476 2810 quoniam
489 2776 556 2803 salso
567 2778 620 2804 veri
632 2786 729 2806 cursus
744 2779 961 2816 imaginationem

215 2866 236 2882 ¹³
253 2865 263 2892 l
283 2866 353 2894 Tim.
376 2875 393 2899 ι,
410 2867 435 2894 7.
475 2867 586 2894 ¹‘lh-br.
610 2875 646 2900 xt,
662 2867 687 2894 (5.

977 2255 1000 2283 D

1010 268 1167 302 ἀδιανόητον
1185 266 1368 301 βλασφημίαν,
1381 267 1447 302 πρὸς
1462 268 1476 293 ὃ
1491 276 1517 293 τι
1534 267 1636 302 βλέπει,
1647 267 1709 302 δίχα
1722 269 1792 300 τινος

1010 314 1122 348 λογικῆς
1139 313 1296 344 ἀκολουθίας
1315 313 1346 338 ἐκ
1367 312 1413 339 τοῦ
1431 313 1585 348 αὐτομάτου
1597 314 1639 340 διὰ
1655 313 1708 340 τῶν
1720 314 1793 348 εἰρη-

1011 360 1098 394 μένων
1110 360 1283 392 ἀναφυεῖσαν.
1301 359 1336 385 Οὐ
1349 359 1401 394 γὰρ
1412 357 1487 394 οἶμαι
1501 359 1568 386 κατὰ
1582 360 1708 395 πρόθεσιν
1719 360 1793 395 αὐτῷ

1010 406 1058 439 τὴν
1085 406 1133 440 τῆς
1154 405 1284 439 γενέσεως
1315 405 1461 432 ὑπόστασιν
1485 406 1706 438 ἀναπεπλάσθαι,
1732 407 1794 433 ἀντὶ

1011 450 1116 485 Πατρὸς
1138 452 1170 486 τῇ
1192 451 1270 485 οὐσία
1290 451 1335 477 τοῦ
1360 450 1424 477 Υίοῦ
1446 451 1597 487 γινομένην.
1617 452 1683 479 Οὐδὲ
1703 452 1733 478 τὸ
1746 453 1793 478 ἀλ·

1010 495 1113 531 λότριον
1134 496 1324 531 ἀποδειχθῆναι
1345 496 1394 531 τῆς
1420 497 1569 531 γεννήσεως
1593 496 1638 522 τοῦ
1665 495 1728 523 Υίοῦ
1748 497 1794 523 τὸν

1010 542 1128 577 Πατέρα,
1149 543 1162 569 6
1184 544 1283 574 σκοπὸς
1303 540 1352 578 ἦν,
1369 543 1407 574 ὡς
1417 542 1503 579 οἶμαι,
1522 543 1560 579 τῷ
1582 544 1685 579 ῥήτορι,
1702 544 1761 570 οὐδὲ
1777 545 1793 579 ἡ

1010 588 1200 622 αὑτογένεθλος
1229 588 1368 624 τερατεία,
1403 589 1447 616 διά
1477 598 1548 621 τινος
1576 589 1794 625 προῦουλεὺσεως

1010 634 1200 669 ἐπεισηνέχθη.
1226 635 1305 662 Ἀλλὰ
1318 635 1404 661 πάντα
1417 635 1450 661 τὰ
1462 635 1571 661 τοιαῦτα
1583 635 1698 666 διανοίας
1712 636 1794 670 χωρὶς

1009 681 1156 718 ἀπημέσθη
1171 681 1209 716 τῷ
1233 681 1409 717 λογογράφῳ,
1421 682 1458 714 ὡς
1475 682 1541 717 μηδὲ
1562 682 1660 716 πολλῆς
1680 681 1752 713 ἄξιον
1766 683 1794 708 ὲν

1009 727 1112 760 τούτοις
1125 728 1290 764 κατηγορίας
1313 727 1392 759 εἶναι,
1406 728 1451 754 τὸν
1472 729 1683 763 πλημμελοῦντα
1702 729 1750 763 μὲν
1766 730 1795 755 ὲν

1009 775 1065 805 τοῖς
1077 775 1223 809 δόγμασιν,
1244 774 1293 800 οὑκ
1307 774 1393 800 εἰδότα
1406 774 1450 807 δὲ,
1474 774 1565 806 καθώς
1585 784 1665 810 φησιν
1683 777 1696 801 6
1718 776 1796 801 Ἀπό-

1011 820 1116 851 στολος,
1130 819 1219 846 οὕτε·ὃ
1234 819 1323 854 λέγει,
1338 820 1397 846 οὔτε
1416 820 1478 855 περὶ
1491 820 1569 847 τίνων
1584 821 1793 848 διαὸεῧαιοῦται.

1045 948 1079 986 ’ᾪ
1096 951 1149 986 γὰρ
1164 951 1194 977 ὲκ
1214 951 1259 977 τοῦ
1285 951 1465 986 γεννηθῆναι,
1481 952 1556 986 φησὶ,
1574 952 1603 978 τὺ
1617 951 1697 985 εἶναι,
1715 948 1792 984 οὗτος

1010 997 1061 1031 πρὸ
1080 997 1127 1031 τῆς
1143 998 1294 1032 γεννήσεως
1312 997 1361 1022 οὑκ
1371 994 1414 1032 ἦν.
1431 997 1462 1023 Εἰ
1476 997 1536 1024 ἀντὶ
1548 997 1594 1024 τοῦ
1609 997 1713 1032 Πατρὸς
1728 999 1795 1024 νοῶν

1009 1042 1057 1077 τὴν
1074 1042 1198 1077 γέννησιν
1209 1042 1292 1076 λέγει,
1307 1043 1383 1076 κάγὼ
1399 1042 1613 1077 συντίθεμαι,καὶ
1623 1044 1636 1069 6
1651 1043 1796 1077 ἀντιλέγων

1009 1089 1059 1114 οὐκ
1084 1089 1167 1114 ἔστιν.
1190 1089 1278 1114 Ταὺτο
1303 1089 1356 1124 γάρ
1381 1089 1438 1114 ἐστι
1464 1089 1497 1116 δι’
1521 1089 1653 1125 ἑκατέρας
1677 1090 1796 1125 σημῆναι

1009 1133 1057 1167 τῆς
1070 1133 1177 1165 λέξεως,
1193 1134 1224 1160 ἔκ
1241 1143 1270 1160 τε
1286 1135 1332 1160 τοῦ
1349 1135 1446 1167 εἰπεῖν,
1468 1135 1507 1161 ὅτι
1532 1135 1654 1170 ’Λὸραὰμ
1670 1136 1796 1171 ἐγέννησε

1009 1180 1054 1205 τὸν
1067 1180 1169 1211 Ἰσαὰκ,
1184 1181 1231 1207 καὶ
1247 1181 1307 1208 ἀντὶ
1321 1181 1365 1207 τοῦ
1384 1181 1537 1216 ἐγέννησεν,
1550 1182 1590 1208 ἔτι
1607 1182 1698 1217 πατὴρ
1708 1182 1797 1215 ἐγένε-

1009 1234 1039 1251 το
1065 1225 1111 1252 τοῦ
1134 1225 1232 1253 Ἰσαάκ.
1257 1227 1333 1253 Ἐπεὶ
1344 1225 1390 1253 οὖν
1403 1227 1499 1254 ταὺτόν
1514 1228 1570 1254 ἐστι
1584 1228 1621 1263 τῷ
1636 1228 1797 1263 γεγεννηκέ-

1010 1279 1052 1297 ναι
1068 1271 1098 1297 τὸ
1111 1272 1215 1307 πατέρα
1233 1271 1310 1305 εἶναι,
1329 1273 1409 1304 εἴτις
1425 1273 1492 1308 πρὸς
1504 1273 1595 1308 ἕτερον
1611 1273 1695 1299 τύπον
1715 1281 1797 1308 μετα-

1009 1315 1085 1342 λάὸοι
1102 1316 1137 1343 τὰ
1153 1317 1271 1351 ῥήματα,
1283 1317 1381 1344 ταύτὸν
1398 1315 1463 1344 οὖσα
1478 1319 1510 1353 τῇ
1524 1319 1647 1353 γεννήσει
1663 1319 1679 1354 ἡ
1696 1319 1797 1354 πατρό-

1009 1371 1058 1397 της
1073 1363 1305 1398 ἀναδειχθήσεται.
1325 1364 1355 1389 Εἰ
1374 1362 1420 1389 οὖν
1436 1363 1506 1389 οὕτω
1522 1364 1602 1399 φησὶν
1619 1365 1632 1390 6
1653 1363 1805 1399 Εὐνόμιος,“

1010 1405 1096 1444 61:⁷13
1117 1409 1170 1444 γὰρ
1195 1409 1226 1435 ὲκ
1247 1408 1293 1434 τοῦ
1314 1409 1419 1444 Πατρὸς
1434 1409 1463 1436 τὸ
1484 1407 1570 1442 εἶναι,
1594 1407 1670 1442 οὗτος
1685 1410 1736 1445 πρὸ
1751 1411 1797 1437 τοῦ

1011 1457 1116 1491 Πατρός
1132 1458 1181 1483 οὑκ
1197 1455 1240 1493 ἦν,
1257 1457 1373 1491 ὑγιαίνει
1389 1458 1402 1483 6
1424 1457 1511 1491 λόγος,
1530 1459 1576 1483 καὶ
1591 1459 1670 1493 ἡμεῖς
1689 1459 1744 1489 τοῖς
1761 1459 1798 1484 εί-

1013 1505 1138 1539 ρημένοις
1158 1503 1366 1538 ἑπιψηφίζομεν.
1386 1503 1416 1530 Et
1431 1503 1458 1529 δὲ
1482 1504 1548 1538 πρὸς
1565 1505 1670 1540 ἐκείνην
1687 1505 1799 1540 ἀνατρέ-

1011 1557 1052 1582 χει
1070 1548 1108 1582 τῷ
1123 1548 1193 1582 λόγῳ
1208 1548 1257 1582 τὴν
1274 1548 1410 1582 γέννησιν,
1426 1548 1472 1574 καὶ
1488 1549 1652 1583 κεχωρίσθαι
1669 1550 1717 1585 μέν
1733 1559 1798 1585 φησι

1012 1594 1056 1620 τοῦ
1079 1594 1194 1628 Πατρὸς,
1207 1591 1381 1628 συνεζεῦχθαι
1402 1594 1429 1620 δὲ
1448 1594 1485 1629 τῷ
1500 1595 1556 1629 Υίῷ
1568 1615 1574 1627 ,
1590 1595 1701 1630 μάταιον
1718 1596 1798 1632 ἠγοῦ-

1014 1649 1063 1675 μαι
1076 1641 1107 1674 τῄ
1124 1639 1177 1665 τῶν
1196 1639 1360 1674 ἀδιανοήτων
1377 1640 1570 1676 ἑμφιλοχωρεῖν
1592 1642 1705 1677 θεωρίᾳ.
1731 1643 1798 1670 Οὔτε

1013 1688 1066 1720 γὰρ
1088 1686 1111 1711 εί
1133 1686 1247 1720 πρᾶγμα
1264 1686 1323 1712 κατ’
1350 1686 1416 1712 ἰδίαν
1434 1686 1581 1714 ὑπόστασιν
1603 1688 1797 1724 θεωρούμενον,

1013 1730 1061 1765 την
1087 1731 1212 1766 γέννησιν
1235 1730 1333 1762 οἴεται,
1349 1731 1411 1757 οὔτε
1432 1732 1455 1757 εί
1481 1732 1549 1767 πρὸς
1571 1733 1600 1759 τὸ
1616 1733 1795 1761 ἀνυπόστατοι

1013 1778 1072 1808 ταῖς
1085 1777 1199 1807 ἐννοίαις
1212 1776 1254 1802 διὰ
1270 1776 1315 1803 τοῦ
1329 1777 1458 1812 ὀνόματος
1470 1777 1644 1814 ὑποσύρεται,
1661 1780 1738 1815 μέχρι
1752 1780 1797 1806 τοί

1014 1822 1060 1848 νῦν
1074 1823 1104 1848 ἐκ
1122 1823 1176 1848 τῶν
1191 1822 1343 1857 εἰρημένων
1363 1823 1479 1849 κατιδεῖν
1494 1823 1669 1859 δεδυνήμεθα.
1686 1825 1799 1860 Φέρεται

1014 1869 1068 1904 γὰρ
1082 1869 1180 1903 ὁμοίως
1195 1869 1262 1904 πρὸς
1279 1869 1411 1904 ἑκατέραν
1427 1868 1480 1895 τῶν
1497 1869 1655 1904 ὑπολήψεων
1679 1871 1708 1897 τὸ
1727 1872 1799 1898 ἀπα-

1014 1915 1060 1949 γὲς
1073 1915 1118 1940 τοῦ
1134 1915 1212 1948 λόγου
1226 1915 1272 1941 καὶ
1288 1914 1391 1950 ἄριζον,
1407 1916 1475 1951 πρὸς
1489 1916 1519 1943 τὸ
1531 1917 1625 1943 δοκοῦν
1637 1917 1676 1952 τῷ
1696 1917 1797 1945 νοοῦντι

1015 1969 1047 1986 πε
1054 1960 1246 1995 ρικλινόμενον.

1057 2051 1124 2077 Ἀλλ’
1137 2050 1212 2077 οὑπω
1225 2050 1257 2076 τὰ
1273 2050 1376 2085 χαλεπὰ
1391 2051 1440 2085 τῆς
1456 2051 1627 2086 βλασφημίας
1643 2051 1786 2087 ἐξήτασται

1016 2098 1087 2133 ἅπερ
1099 2097 1149 2132 ήδη
1162 2098 1215 2124 τῶν
1227 2097 1423 2132 γεγραμμένων
1433 2098 1448 2132 ἡ
1460 2098 1602 2124 ἀκολουθία
1619 2098 1778 2133 προστίθησι
1788 2118 1796 2129 ,

1015 2143 1061 2169 καὶ
1076 2143 1107 2178 δὴ
1125 2143 1158 2169 τὰ
1173 2143 1304 2179 εἰρημένα
1321 2143 1390 2169 κατὰ
1410 2143 1481 2175 λέξιν
1497 2139 1798 2178 διασκεψώμεθαῘοί6α

1015 2189 1042 2214 δὲ
1063 2189 1121 2219 πῶς
1146 2189 1201 2214 ἔστι
1228 2188 1361 2222 τολμῆσαι
1385 2189 1575 2222 προσενεγκεῖν
1599 2188 1642 2215 διὰ
1667 2189 1797 2223 στόματος

1015 2233 1063 2268 τὴν
1079 2233 1199 2269 φρικώδη
1215 2242 1243 2259 τε
1262 2233 1307 2259 καὶ
1322 2233 1399 2259 ἄθεον
1412 2233 1457 2259 τοῦ
1472 2234 1653 2269 χριστομάχου
1668 2233 1797 2269 λογογρα-

1013 2279 1087 2313 φίαν.
1104 2279 1214 2304 Δέδοικα
1230 2279 1284 2314 γὰρ
1300 2279 1403 2314 μήποτε
1418 2279 1477 2305 καθ’
1492 2279 1638 2314 ὁμοιότητα
1651 2280 1704 2306 τῶν
1718 2280 1797 2315 δηλη-

1012 2323 1112 2359 τηρίων
1122 2324 1272 2358 φαρμάκων
1288 2324 1450 2358 ἐναπόθηται
1470 2325 1508 2359 τῷ
1527 2325 1658 2359 στόματι,
1674 2325 1707 2351 δι’
1724 2322 1753 2351 οὗ
1769 2326 1797 2352 τὸ

1014 2369 1088 2403 ῥῆμα
1106 2369 1290 2403 παρέρχεται,
1310 2370 1359 2403 τῆς
1383 2369 1543 2404 φθοροποιοῡ
1568 2371 1679 2405 πικρίας
1694 2371 1723 2397 τὸ
1745 2371 1798 2397 λεί-

1011 2415 1104 2448 ψανον.
1132 2414 1295 2440 aimei-ma
1321 2414 1368 2440 δεῖ
1387 2415 1439 2441 τὸν
1461 2418 1702 2450 προσερχόμενον
1726 2417 1795 2449 Θεῷ,

1015 2461 1095 2495 φησὶν
1116 2461 1129 2486 ό
1155 2460 1327 2491 Ἀπόστολος,
1342 2461 1384 2486 ὅτι
1397 2461 1489 2489 ἔστιν,
1506 2462 1609 2488 Οὐκοῦν
1626 2463 1689 2488 ἴδιον
1704 2462 1796 2497 θεότη-

1015 2515 1060 2537 τος
1074 2506 1243 2541 γνὼρισμια,
1259 2507 1287 2532 το
1309 2506 1414 2541 ἀληθῶς
1430 2505 1507 2534 εἶναι·
1527 2509 1540 2533 6
1559 2507 1586 2533 δὲ
1602 2509 1796 2540 κατασκευάζει

1016 2553 1060 2578 τὸν
1081 2552 1187 2587 ἀληθῶς
1201 2553 1264 2578 ὄντα
1276 2573 1282 2583 ,
1299 2553 1314 2587 ἢ
1337 2553 1374 2588 μὴ
1391 2553 1492 2588 κυρίως
1509 2551 1586 2583 εἶναι,
1601 2554 1617 2589 ἦ
1636 2554 1671 2590 μὴ
1684 2554 1796 2581 καθόλου

1017 2596 1083 2624 εἶναι
1093 2619 1099 2630 ,
1113 2598 1179 2633 ὅπερ
1192 2596 1249 2624 ῐσόν
1265 2599 1321 2624 ἐστι
1336 2598 1373 2632 τῷ
1390 2599 1454 2633 μηδὲ
1465 2599 1532 2630 ὅλως
1550 2597 1629 2626 εἶναι.
1650 2600 1678 2625 ‘U
1689 2600 1742 2635 γὰρ
1759 2600 1795 2635 μὴ

1015 2644 1116 2679 κυρίως
1138 2643 1184 2675 ὣν,
1214 2644 1274 2669 οὑδὲ
1291 2643 1362 2670 ἔστιν
1381 2644 1458 2675 ὅλως.
1480 2643 1541 2671 Οἶον
1565 2645 1670 2680 τρέχειν
1691 2646 1796 2680 λέγεται

1016 2689 1085 2716 κατὰ
1102 2689 1149 2724 τὴν
1165 2689 1286 2715 ἐνύπνιον
1301 2690 1449 2724 φαντασίαν
1478 2691 1490 2716 6
1511 2692 1541 2724 τῇ
1561 2691 1659 2725 σπουδῇ
1675 2691 1721 2717 τοῦ
1736 2691 1796 2725 δρό-

1019 2745 1067 2770 μου
1078 2736 1324 2771 ἐμφανταζόμενος.
1348 2737 1415 2762 Ἀλλ’
1432 2737 1523 2772 ἐπειδὴ
1539 2737 1642 2771 ψευδῶς
1658 2738 1706 2772 τὴν
1723 2737 1797 2770 δόκη-

1017 2791 1059 2808 σιν
1082 2781 1128 2807 τοῦ
1149 2781 1263 2816 ἀληθοῦς
1282 2782 1454 2817 ὑποκρίνεται
1477 2782 1593 2817 δρόμου,
1619 2782 1663 2810 διὰ
1681 2782 1757 2808 τοῦτο
1781 2783 1796 2817 ἡ
