<?xml version="1.0" encoding="UTF-8"?>
<!DOCTYPE html PUBLIC "-//W3C//DTD XHTML 1.0 Transitional//EN"
    "http://www.w3.org/TR/xhtml1/DTD/xhtml1-transitional.dtd">
<html xmlns="http://www.w3.org/1999/xhtml" xml:lang="en" lang="en">
 <head>
  <title>
</title>
<meta http-equiv="Content-Type" content="text/html;charset=utf-8" />
  <meta name='ocr-system' content='tesseract 3.04.00' />
  <meta name='ocr-capabilities' content='ocr_page ocr_carea ocr_par ocr_line ocrx_word'/>
</head>
<body>
  <div class='ocr_page' id='page_1' title='image "./patrologiaecursu45mignuoft_0013.png"; bbox 0 0 1784 2980; ppageno 0'>
   <div class='ocr_carea' id='block_1_1' title="bbox 78 126 1696 164">
    <p class='ocr_par' dir='ltr' id='par_1_1' title="bbox 78 126 1696 164">
     <span class='ocr_line' id='line_1_1' title="bbox 78 126 1696 164; baseline 0.017 -28"><span class='ocrx_word' id='word_1_1' title='bbox 78 126 1696 164; x_wconf 67' lang='grc' dir='ltr'><em>Ἣ</em></span> 
     </span>
    </p>
   </div>
   <div class='ocr_carea' id='block_1_2' title="bbox 80 138 855 151">
    <p class='ocr_par' dir='ltr' id='par_1_2' title="bbox 80 138 855 151">
     <span class='ocr_line' id='line_1_2' title="bbox 80 138 855 151; baseline 0 2829"><span class='ocrx_word' id='word_1_2' title='bbox 80 138 855 151; x_wconf 95' lang='lat' dir='ltr'> </span> 
     </span>
    </p>
   </div>
   <div class='ocr_carea' id='block_1_3' title="bbox 326 258 1437 328">
    <p class='ocr_par' dir='ltr' id='par_1_3' title="bbox 326 258 1437 328">
     <span class='ocr_line' id='line_1_3' title="bbox 326 258 1437 328; baseline 0.013 -13"><span class='ocrx_word' id='word_1_3' title='bbox 326 258 569 318; x_wconf 75' lang='lat' dir='ltr'><strong>PARS</strong></span> <span class='ocrx_word' id='word_1_4' title='bbox 615 263 714 318; x_wconf 88' lang='lat'>11.</span> <span class='ocrx_word' id='word_1_5' title='bbox 755 286 820 301; x_wconf 92' lang='lat'>·-</span> <span class='ocrx_word' id='word_1_6' title='bbox 857 266 1437 328; x_wconf 70' lang='lat' dir='ltr'>nommrrma.</span> 
     </span>
    </p>
   </div>
   <div class='ocr_carea' id='block_1_4' title="bbox 542 496 1231 680">
    <p class='ocr_par' dir='ltr' id='par_1_4' title="bbox 542 496 1231 680">
     <span class='ocr_line' id='line_1_4' title="bbox 542 496 1231 556; baseline 0.012 -8"><span class='ocrx_word' id='word_1_7' title='bbox 542 496 823 550; x_wconf 84' lang='lat' dir='ltr'><strong>ANDREAE</strong></span> <span class='ocrx_word' id='word_1_8' title='bbox 883 500 1231 556; x_wconf 76' lang='lat' dir='ltr'>GALLANDH</span> 
     </span>
     <span class='ocr_line' id='line_1_5' title="bbox 736 633 1022 680; baseline 0.014 -4"><span class='ocrx_word' id='word_1_9' title='bbox 736 633 1022 680; x_wconf 75' lang='lat' dir='ltr'><strong>MONITUM</strong></span> 
     </span>
    </p>
   </div>
   <div class='ocr_carea' id='block_1_5' title="bbox 107 749 1663 849">
    <p class='ocr_par' dir='ltr' id='par_1_5' title="bbox 107 749 1663 849">
     <span class='ocr_line' id='line_1_6' title="bbox 107 749 1663 790; baseline 0.009 -14"><span class='ocrx_word' id='word_1_10' title='bbox 107 749 338 778; x_wconf 69' lang='lat' dir='ltr'>tNGRtJGORH</span> <span class='ocrx_word' id='word_1_11' title='bbox 359 751 522 779; x_wconf 65' lang='lat' dir='ltr'>Nl&#39;sstim</span> <span class='ocrx_word' id='word_1_12' title='bbox 541 751 695 779; x_wconf 71' lang='lat' dir='ltr'><em>SCRIPTA</em></span> <span class='ocrx_word' id='word_1_13' title='bbox 718 752 925 780; x_wconf 74' lang='lat' dir='ltr'><strong><em>NONNULLA</em></strong></span> <span class='ocrx_word' id='word_1_14' title='bbox 950 754 1038 787; x_wconf 69' lang='lat' dir='ltr'>Qffl:</span> <span class='ocrx_word' id='word_1_15' title='bbox 1058 755 1099 781; x_wconf 81' lang='lat' dir='ltr'>IN</span> <span class='ocrx_word' id='word_1_16' title='bbox 1134 757 1288 786; x_wconf 80' lang='lat' dir='ltr'><em>DUPLICI</em></span> <span class='ocrx_word' id='word_1_17' title='bbox 1308 759 1498 788; x_wconf 77' lang='lat' dir='ltr'><em>EDITIONE</em></span> <span class='ocrx_word' id='word_1_18' title='bbox 1514 762 1663 790; x_wconf 68' lang='lat' dir='ltr'>01‘12&#39;111JM</span> 
     </span>
     <span class='ocr_line' id='line_1_7' title="bbox 647 810 1115 849; baseline 0.006 -12"><span class='ocrx_word' id='word_1_19' title='bbox 647 810 676 837; x_wconf 90' lang='lat' dir='ltr'>S.</span> <span class='ocrx_word' id='word_1_20' title='bbox 712 810 845 838; x_wconf 81' lang='lat' dir='ltr'><em>PATRIS</em></span> <span class='ocrx_word' id='word_1_21' title='bbox 877 812 1115 849; x_wconf 58' lang='lat' dir='ltr'>DEEnANTw).</span> 
     </span>
    </p>
   </div>
   <div class='ocr_carea' id='block_1_6' title="bbox 101 1011 1701 1053">
    <p class='ocr_par' dir='ltr' id='par_1_6' title="bbox 101 1011 1701 1053">
     <span class='ocr_line' id='line_1_8' title="bbox 101 1011 1701 1053; baseline 0.004 -13"><span class='ocrx_word' id='word_1_22' title='bbox 101 1013 120 1040; x_wconf 94' lang='lat' dir='ltr'>l.</span> <span class='ocrx_word' id='word_1_23' title='bbox 140 1013 226 1040; x_wconf 87' lang='lat' dir='ltr'>Editis</span> <span class='ocrx_word' id='word_1_24' title='bbox 240 1012 402 1047; x_wconf 80' lang='lat' dir='ltr'>jamdudum</span> <span class='ocrx_word' id='word_1_25' title='bbox 435 1012 560 1047; x_wconf 74' lang='lat' dir='ltr'>Gregorii</span> <span class='ocrx_word' id='word_1_26' title='bbox 577 1011 693 1047; x_wconf 81' lang='lat' dir='ltr'>Nysscni</span> <span class='ocrx_word' id='word_1_27' title='bbox 706 1013 854 1048; x_wconf 81' lang='lat' dir='ltr'><strong>Operibus,</strong></span> <span class='ocrx_word' id='word_1_28' title='bbox 873 1015 893 1043; x_wconf 81' lang='grc' dir='ltr'><strong>Α</strong></span> <span class='ocrx_word' id='word_1_29' title='bbox 909 1018 968 1047; x_wconf 85' lang='lat' dir='ltr'>tur;</span> <span class='ocrx_word' id='word_1_30' title='bbox 986 1023 1047 1042; x_wconf 91' lang='lat' dir='ltr'>cum</span> <span class='ocrx_word' id='word_1_31' title='bbox 1065 1016 1146 1043; x_wconf 87' lang='lat' dir='ltr'>verba</span> <span class='ocrx_word' id='word_1_32' title='bbox 1161 1017 1206 1043; x_wconf 84' lang='lat' dir='ltr'>illa</span> <span class='ocrx_word' id='word_1_33' title='bbox 1220 1017 1409 1053; x_wconf 75' lang='lat' dir='ltr'>chrysostomi</span> <span class='ocrx_word' id='word_1_34' title='bbox 1426 1025 1545 1052; x_wconf 90' lang='lat' dir='ltr'>pannum</span> <span class='ocrx_word' id='word_1_35' title='bbox 1562 1026 1623 1045; x_wconf 83' lang='lat' dir='ltr'>esse</span> <span class='ocrx_word' id='word_1_36' title='bbox 1639 1018 1701 1047; x_wconf 88' lang='lat' dir='ltr'>huic</span> 
     </span>
    </p>
   </div>
   <div class='ocr_carea' id='block_1_7' title="bbox 61 1059 857 2062">
    <p class='ocr_par' dir='ltr' id='par_1_7' title="bbox 61 1059 857 2062">
     <span class='ocr_line' id='line_1_9' title="bbox 68 1059 854 1096; baseline 0.003 -10"><span class='ocrx_word' id='word_1_37' title='bbox 68 1061 184 1095; x_wconf 84' lang='lat' dir='ltr'>plurima</span> <span class='ocrx_word' id='word_1_38' title='bbox 203 1068 276 1087; x_wconf 90' lang='lat' dir='ltr'>nune</span> <span class='ocrx_word' id='word_1_39' title='bbox 306 1059 415 1087; x_wconf 87' lang='lat' dir='ltr'>demum</span> <span class='ocrx_word' id='word_1_40' title='bbox 435 1060 463 1086; x_wconf 81' lang='lat' dir='ltr'>fit</span> <span class='ocrx_word' id='word_1_41' title='bbox 479 1061 621 1088; x_wconf 81' lang='lat' dir='ltr'>accessio:</span> <span class='ocrx_word' id='word_1_42' title='bbox 641 1060 714 1095; x_wconf 84' lang='lat' dir='ltr'>quod</span> <span class='ocrx_word' id='word_1_43' title='bbox 745 1061 854 1096; x_wconf 84' lang='lat' dir='ltr'>quidem</span> 
     </span>
     <span class='ocr_line' id='line_1_10' title="bbox 67 1105 855 1141; baseline 0.004 -9"><span class='ocrx_word' id='word_1_44' title='bbox 67 1107 193 1141; x_wconf 83' lang='lat' dir='ltr'>superius</span> <span class='ocrx_word' id='word_1_45' title='bbox 220 1106 253 1133; x_wconf 90' lang='lat' dir='ltr'>de</span> <span class='ocrx_word' id='word_1_46' title='bbox 281 1105 309 1134; x_wconf 90' lang='lat' dir='ltr'>S.</span> <span class='ocrx_word' id='word_1_47' title='bbox 332 1105 464 1140; x_wconf 80' lang='lat' dir='ltr'>Gregorio</span> <span class='ocrx_word' id='word_1_48' title='bbox 482 1105 655 1134; x_wconf 83' lang='lat' dir='ltr'>Nazianzeno</span> <span class='ocrx_word' id='word_1_49' title='bbox 686 1107 855 1135; x_wconf 79' lang='lat' dir='ltr'>disserentes</span> 
     </span>
     <span class='ocr_line' id='line_1_11' title="bbox 67 1152 856 1189; baseline 0.003 -10"><span class='ocrx_word' id='word_1_50' title='bbox 67 1153 291 1187; x_wconf 71' lang='lat' dir='ltr'>pnenmnuinms.</span> <span class='ocrx_word' id='word_1_51' title='bbox 340 1152 462 1179; x_wconf 80' lang='lat' dir='ltr'>Primum</span> <span class='ocrx_word' id='word_1_52' title='bbox 509 1154 600 1189; x_wconf 79' lang='lat' dir='ltr'>itaque</span> <span class='ocrx_word' id='word_1_53' title='bbox 645 1154 733 1181; x_wconf 84' lang='lat' dir='ltr'>sancti</span> <span class='ocrx_word' id='word_1_54' title='bbox 768 1154 856 1181; x_wconf 84' lang='lat' dir='ltr'>Patris</span> 
     </span>
     <span class='ocr_line' id='line_1_12' title="bbox 67 1198 857 1236; baseline 0.004 -11"><span class='ocrx_word' id='word_1_55' title='bbox 67 1200 272 1226; x_wconf 76' lang='lat' dir='ltr'>Antirrheticum</span> <span class='ocrx_word' id='word_1_56' title='bbox 289 1198 385 1225; x_wconf 83' lang='lat' dir='ltr'>librum</span> <span class='ocrx_word' id='word_1_57' title='bbox 403 1200 527 1227; x_wconf 76' lang='lat' dir='ltr'>adversus</span> <span class='ocrx_word' id='word_1_58' title='bbox 544 1200 724 1234; x_wconf 80' lang='lat' dir='ltr'>Apollinarem</span> <span class='ocrx_word' id='word_1_59' title='bbox 740 1201 857 1236; x_wconf 78' lang='lat' dir='ltr'>proseri-</span> 
     </span>
     <span class='ocr_line' id='line_1_13' title="bbox 66 1246 856 1282; baseline 0.003 -10"><span class='ocrx_word' id='word_1_60' title='bbox 66 1254 136 1278; x_wconf 82' lang='lat' dir='ltr'>tuus,</span> <span class='ocrx_word' id='word_1_61' title='bbox 158 1253 237 1280; x_wconf 82' lang='lat' dir='ltr'>quem</span> <span class='ocrx_word' id='word_1_62' title='bbox 260 1246 360 1272; x_wconf 78' lang='lat' dir='ltr'>saeculo</span> <span class='ocrx_word' id='word_1_63' title='bbox 387 1246 510 1281; x_wconf 81' lang='lat' dir='ltr'>proxime</span> <span class='ocrx_word' id='word_1_64' title='bbox 534 1247 626 1281; x_wconf 80' lang='lat' dir='ltr'>elapso</span> <span class='ocrx_word' id='word_1_65' title='bbox 643 1254 675 1273; x_wconf 83' lang='lat' dir='ltr'>cx</span> <span class='ocrx_word' id='word_1_66' title='bbox 701 1247 856 1282; x_wconf 84' lang='lat' dir='ltr'>septingen-</span> 
     </span>
     <span class='ocr_line' id='line_1_14' title="bbox 65 1290 856 1324; baseline 0.003 -8"><span class='ocrx_word' id='word_1_67' title='bbox 65 1295 154 1317; x_wconf 88' lang='lat' dir='ltr'>torum</span> <span class='ocrx_word' id='word_1_68' title='bbox 185 1290 295 1317; x_wconf 89' lang='lat' dir='ltr'>circiter</span> <span class='ocrx_word' id='word_1_69' title='bbox 323 1298 457 1316; x_wconf 89' lang='lat' dir='ltr'>annorum</span> <span class='ocrx_word' id='word_1_70' title='bbox 484 1291 579 1318; x_wconf 87' lang='lat' dir='ltr'>codiee</span> <span class='ocrx_word' id='word_1_71' title='bbox 594 1291 735 1324; x_wconf 85' lang='lat' dir='ltr'>Vaticano,</span> <span class='ocrx_word' id='word_1_72' title='bbox 763 1291 856 1319; x_wconf 82' lang='lat' dir='ltr'>Romae</span> 
     </span>
     <span class='ocr_line' id='line_1_15' title="bbox 64 1334 855 1371; baseline 0.003 -10"><span class='ocrx_word' id='word_1_73' title='bbox 64 1336 91 1361; x_wconf 93' lang='lat' dir='ltr'>in</span> <span class='ocrx_word' id='word_1_74' title='bbox 106 1336 192 1362; x_wconf 89' lang='lat' dir='ltr'>lucem</span> <span class='ocrx_word' id='word_1_75' title='bbox 209 1334 390 1369; x_wconf 87' lang='lat' dir='ltr'>protulitcum</span> <span class='ocrx_word' id='word_1_76' title='bbox 404 1335 464 1362; x_wconf 86' lang='lat' dir='ltr'>aliis</span> <span class='ocrx_word' id='word_1_77' title='bbox 476 1335 598 1369; x_wconf 86' lang='lat' dir='ltr'>ejusdem</span> <span class='ocrx_word' id='word_1_78' title='bbox 617 1335 731 1371; x_wconf 62' lang='lat' dir='ltr'>‘Nysseni</span> <span class='ocrx_word' id='word_1_79' title='bbox 746 1337 855 1370; x_wconf 85' lang='lat' dir='ltr'>episco-</span> 
     </span>
     <span class='ocr_line' id='line_1_16' title="bbox 64 1381 854 1416; baseline 0 -7"><span class='ocrx_word' id='word_1_80' title='bbox 64 1382 89 1416; x_wconf 91' lang='lat' dir='ltr'>pi</span> <span class='ocrx_word' id='word_1_81' title='bbox 117 1381 227 1416; x_wconf 81' lang='lat' dir='ltr'>scriptis</span> <span class='ocrx_word' id='word_1_82' title='bbox 253 1390 279 1408; x_wconf 90' lang='lat' dir='ltr'>v.</span> <span class='ocrx_word' id='word_1_83' title='bbox 306 1381 340 1408; x_wconf 89' lang='lat' dir='ltr'>cl.</span> <span class='ocrx_word' id='word_1_84' title='bbox 377 1381 540 1409; x_wconf 76' lang='lat' dir='ltr'>Laurentius</span> <span class='ocrx_word' id='word_1_85' title='bbox 578 1382 733 1410; x_wconf 79' lang='lat' dir='ltr'>Alexander</span> <span class='ocrx_word' id='word_1_86' title='bbox 768 1382 854 1409; x_wconf 85' lang='lat' dir='ltr'>Zaca-</span> 
     </span>
     <span class='ocr_line' id='line_1_17' title="bbox 63 1427 854 1463; baseline 0.003 -9"><span class='ocrx_word' id='word_1_87' title='bbox 63 1429 143 1462; x_wconf 80' lang='lat' dir='ltr'>gnius</span> <span class='ocrx_word' id='word_1_88' title='bbox 170 1428 219 1462; x_wconf 87' lang='lat'>(1).</span> <span class='ocrx_word' id='word_1_89' title='bbox 248 1427 412 1455; x_wconf 71' lang='lat' dir='ltr'>Praeclarum</span> <span class='ocrx_word' id='word_1_90' title='bbox 454 1428 610 1462; x_wconf 84' lang='lat' dir='ltr'>hujusmodi</span> <span class='ocrx_word' id='word_1_91' title='bbox 637 1437 707 1463; x_wconf 90' lang='lat' dir='ltr'>opus</span> <span class='ocrx_word' id='word_1_92' title='bbox 737 1430 854 1457; x_wconf 85' lang='lat' dir='ltr'>vetustis</span> 
     </span>
     <span class='ocr_line' id='line_1_18' title="bbox 63 1462 854 1509; baseline 0.003 -9"><span class='ocrx_word' id='word_1_93' title='bbox 63 1474 193 1501; x_wconf 79' lang='lat' dir='ltr'>Ecclesiae</span> <span class='ocrx_word' id='word_1_94' title='bbox 210 1474 392 1509; x_wconf 82' lang='lat' dir='ltr'>scriptoribus</span> <span class='ocrx_word' id='word_1_95' title='bbox 417 1479 597 1501; x_wconf 86' lang='lat' dir='ltr'>memoratum</span> <span class='ocrx_word' id='word_1_96' title='bbox 617 1474 721 1506; x_wconf 83' lang='lat' dir='ltr'>videas,</span> <span class='ocrx_word' id='word_1_97' title='bbox 740 1462 854 1502; x_wconf 66' lang='lat' dir='ltr'>Leontio</span> 
     </span>
     <span class='ocr_line' id='line_1_19' title="bbox 63 1520 853 1556; baseline 0.001 -9"><span class='ocrx_word' id='word_1_98' title='bbox 63 1520 188 1547; x_wconf 65' lang='lat' dir='ltr'>videlicet</span> <span class='ocrx_word' id='word_1_99' title='bbox 214 1520 364 1555; x_wconf 86' lang='lat' dir='ltr'>Byzantino</span> <span class='ocrx_word' id='word_1_100' title='bbox 397 1520 445 1555; x_wconf 57' lang='grc' dir='ltr'>(ἢ),</span> <span class='ocrx_word' id='word_1_101' title='bbox 482 1520 581 1547; x_wconf 78' lang='lat' dir='ltr'>Joanni</span> <span class='ocrx_word' id='word_1_102' title='bbox 608 1520 777 1548; x_wconf 81' lang='lat' dir='ltr'>Damasceno</span> <span class='ocrx_word' id='word_1_103' title='bbox 802 1521 853 1556; x_wconf 81' lang='lat'>(5),</span> 
     </span>
     <span class='ocr_line' id='line_1_20' title="bbox 63 1566 855 1602; baseline 0.004 -10"><span class='ocrx_word' id='word_1_104' title='bbox 63 1566 207 1601; x_wconf 80' lang='lat' dir='ltr'>Euthymio</span> <span class='ocrx_word' id='word_1_105' title='bbox 224 1566 360 1601; x_wconf 76' lang='lat' dir='ltr'>Zigabcno</span> <span class='ocrx_word' id='word_1_106' title='bbox 376 1567 424 1600; x_wconf 72' lang='grc'>(1),</span> <span class='ocrx_word' id='word_1_107' title='bbox 440 1574 545 1593; x_wconf 84' lang='lat' dir='ltr'>necnon</span> <span class='ocrx_word' id='word_1_108' title='bbox 562 1567 588 1593; x_wconf 90' lang='lat' dir='ltr'>in</span> <span class='ocrx_word' id='word_1_109' title='bbox 605 1567 680 1594; x_wconf 82' lang='lat' dir='ltr'>Actis</span> <span class='ocrx_word' id='word_1_110' title='bbox 698 1571 781 1594; x_wconf 72' lang='lat' dir='ltr'>sexta:</span> <span class='ocrx_word' id='word_1_111' title='bbox 795 1576 855 1602; x_wconf 77' lang='lat' dir='ltr'>syn-</span> 
     </span>
     <span class='ocr_line' id='line_1_21' title="bbox 63 1612 853 1648; baseline 0.001 -9"><span class='ocrx_word' id='word_1_112' title='bbox 63 1612 105 1639; x_wconf 81' lang='lat' dir='ltr'>odi</span> <span class='ocrx_word' id='word_1_113' title='bbox 128 1616 182 1639; x_wconf 91' lang='lat' dir='ltr'>act.</span> <span class='ocrx_word' id='word_1_114' title='bbox 200 1620 214 1638; x_wconf 86' lang='lat' dir='ltr'>x</span> <span class='ocrx_word' id='word_1_115' title='bbox 230 1612 279 1646; x_wconf 70' lang='grc' dir='ltr'>(ὅ),</span> <span class='ocrx_word' id='word_1_116' title='bbox 297 1617 326 1638; x_wconf 90' lang='lat' dir='ltr'>ut</span> <span class='ocrx_word' id='word_1_117' title='bbox 358 1613 498 1640; x_wconf 79' lang='lat' dir='ltr'>mittamus</span> <span class='ocrx_word' id='word_1_118' title='bbox 514 1612 697 1647; x_wconf 81' lang='lat' dir='ltr'>Nicephorum</span> <span class='ocrx_word' id='word_1_119' title='bbox 717 1613 767 1648; x_wconf 84' lang='grc'>(6).</span> <span class='ocrx_word' id='word_1_120' title='bbox 794 1614 853 1646; x_wconf 81' lang='lat' dir='ltr'>Quo</span> 
     </span>
     <span class='ocr_line' id='line_1_22' title="bbox 63 1658 851 1695; baseline 0.004 -11"><span class='ocrx_word' id='word_1_121' title='bbox 63 1665 126 1685; x_wconf 77' lang='lat' dir='ltr'>vero</span> <span class='ocrx_word' id='word_1_122' title='bbox 158 1662 282 1692; x_wconf 84' lang='lat' dir='ltr'>tempore</span> <span class='ocrx_word' id='word_1_123' title='bbox 314 1658 522 1684; x_wconf 76' lang='lat' dir='ltr'>Antirrheticum</span> <span class='ocrx_word' id='word_1_124' title='bbox 551 1659 661 1694; x_wconf 83' lang='lat' dir='ltr'>scripsit</span> <span class='ocrx_word' id='word_1_125' title='bbox 700 1659 851 1695; x_wconf 80' lang='lat' dir='ltr'>Nyssenus,</span> 
     </span>
     <span class='ocr_line' id='line_1_23' title="bbox 62 1702 853 1740; baseline 0.005 -12"><span class='ocrx_word' id='word_1_126' title='bbox 62 1702 134 1729; x_wconf 82' lang='lat' dir='ltr'>haud</span> <span class='ocrx_word' id='word_1_127' title='bbox 144 1707 185 1730; x_wconf 90' lang='lat' dir='ltr'>est</span> <span class='ocrx_word' id='word_1_128' title='bbox 201 1703 382 1737; x_wconf 84' lang='lat' dir='ltr'>exploratum.</span> <span class='ocrx_word' id='word_1_129' title='bbox 401 1703 428 1729; x_wconf 88' lang='lat' dir='ltr'>Si</span> <span class='ocrx_word' id='word_1_130' title='bbox 449 1704 582 1730; x_wconf 82' lang='lat' dir='ltr'>editorem</span> <span class='ocrx_word' id='word_1_131' title='bbox 612 1705 707 1732; x_wconf 78' lang='lat' dir='ltr'>audias</span> <span class='ocrx_word' id='word_1_132' title='bbox 722 1705 770 1739; x_wconf 81' lang='lat'>(7),</span> <span class='ocrx_word' id='word_1_133' title='bbox 784 1713 853 1740; x_wconf 89' lang='lat' dir='ltr'>opus</span> 
     </span>
     <span class='ocr_line' id='line_1_24' title="bbox 63 1747 853 1785; baseline 0.004 -10"><span class='ocrx_word' id='word_1_134' title='bbox 63 1747 135 1776; x_wconf 73' lang='lat' dir='ltr'>istud</span> <span class='ocrx_word' id='word_1_135' title='bbox 151 1749 354 1776; x_wconf 73' lang='lat' dir='ltr'>elucubraverit</span> <span class='ocrx_word' id='word_1_136' title='bbox 369 1753 480 1777; x_wconf 86' lang='lat' dir='ltr'>sanctus</span> <span class='ocrx_word' id='word_1_137' title='bbox 510 1749 590 1776; x_wconf 84' lang='lat' dir='ltr'>Pater</span> <span class='ocrx_word' id='word_1_138' title='bbox 607 1755 669 1777; x_wconf 83' lang='lat' dir='ltr'>ante</span> <span class='ocrx_word' id='word_1_139' title='bbox 686 1751 853 1785; x_wconf 83' lang='lat' dir='ltr'>Apollinaris</span> 
     </span>
     <span class='ocr_line' id='line_1_25' title="bbox 61 1795 854 1830; baseline 0.005 -9"><span class='ocrx_word' id='word_1_140' title='bbox 61 1795 177 1827; x_wconf 85' lang='lat' dir='ltr'>obitum,</span> <span class='ocrx_word' id='word_1_141' title='bbox 195 1803 276 1830; x_wconf 87' lang='lat' dir='ltr'>quem</span> <span class='ocrx_word' id='word_1_142' title='bbox 294 1795 366 1822; x_wconf 86' lang='lat' dir='ltr'>circa</span> <span class='ocrx_word' id='word_1_143' title='bbox 393 1803 454 1825; x_wconf 69' lang='lat' dir='ltr'>:erae</span> <span class='ocrx_word' id='word_1_144' title='bbox 484 1795 648 1823; x_wconf 70' lang='lat' dir='ltr'>Christiance</span> <span class='ocrx_word' id='word_1_145' title='bbox 673 1805 774 1824; x_wconf 89' lang='lat' dir='ltr'>annum</span> <span class='ocrx_word' id='word_1_146' title='bbox 802 1799 854 1825; x_wconf 87' lang='lat'>580</span> 
     </span>
     <span class='ocr_line' id='line_1_26' title="bbox 61 1840 853 1876; baseline 0.008 -10"><span class='ocrx_word' id='word_1_147' title='bbox 61 1841 195 1868; x_wconf 83' lang='lat' dir='ltr'>accidisse</span> <span class='ocrx_word' id='word_1_148' title='bbox 214 1844 318 1875; x_wconf 88' lang='lat' dir='ltr'>putant.</span> <span class='ocrx_word' id='word_1_149' title='bbox 331 1840 482 1868; x_wconf 88' lang='lat' dir='ltr'>Nonnullos</span> <span class='ocrx_word' id='word_1_150' title='bbox 499 1845 628 1876; x_wconf 77' lang='lat' dir='ltr'>praeterea</span> <span class='ocrx_word' id='word_1_151' title='bbox 640 1842 745 1870; x_wconf 69' lang='lat' dir='ltr'>«licendi</span> <span class='ocrx_word' id='word_1_152' title='bbox 758 1844 853 1872; x_wconf 88' lang='lat' dir='ltr'>modos</span> 
     </span>
     <span class='ocr_line' id='line_1_27' title="bbox 61 1887 852 1923; baseline 0.005 -10"><span class='ocrx_word' id='word_1_153' title='bbox 61 1887 187 1921; x_wconf 86' lang='lat' dir='ltr'>pluribus</span> <span class='ocrx_word' id='word_1_154' title='bbox 205 1888 333 1922; x_wconf 76' lang='lat' dir='ltr'>explanat</span> <span class='ocrx_word' id='word_1_155' title='bbox 351 1887 420 1915; x_wconf 87' lang='lat' dir='ltr'>idem</span> <span class='ocrx_word' id='word_1_156' title='bbox 433 1888 618 1920; x_wconf 79' lang='lat' dir='ltr'>vlrerudilus,</span> <span class='ocrx_word' id='word_1_157' title='bbox 635 1890 745 1923; x_wconf 84' lang='lat' dir='ltr'>quinon</span> <span class='ocrx_word' id='word_1_158' title='bbox 760 1891 852 1918; x_wconf 87' lang='lat' dir='ltr'>admo-</span> 
     </span>
     <span class='ocr_line' id='line_1_28' title="bbox 61 1932 853 1970; baseline 0.008 -11"><span class='ocrx_word' id='word_1_159' title='bbox 61 1933 127 1960; x_wconf 89' lang='lat' dir='ltr'>dum</span> <span class='ocrx_word' id='word_1_160' title='bbox 141 1934 299 1961; x_wconf 76' lang='lat' dir='ltr'>exercitatis</span> <span class='ocrx_word' id='word_1_161' title='bbox 325 1934 352 1960; x_wconf 89' lang='lat' dir='ltr'>in</span> <span class='ocrx_word' id='word_1_162' title='bbox 380 1932 495 1968; x_wconf 73' lang='lat' dir='ltr'>Nysseui</span> <span class='ocrx_word' id='word_1_163' title='bbox 516 1935 627 1969; x_wconf 80' lang='lat' dir='ltr'>scriptis</span> <span class='ocrx_word' id='word_1_164' title='bbox 648 1937 853 1970; x_wconf 73' lang='lat' dir='ltr'>pervolutandis</span> 
     </span>
     <span class='ocr_line' id='line_1_29' title="bbox 63 1978 853 2020; baseline 0.005 -13"><span class='ocrx_word' id='word_1_165' title='bbox 63 1978 163 2014; x_wconf 87' lang='lat' dir='ltr'>aliquid</span> <span class='ocrx_word' id='word_1_166' title='bbox 182 1980 281 2015; x_wconf 81' lang='lat' dir='ltr'>negotii</span> <span class='ocrx_word' id='word_1_167' title='bbox 294 1980 429 2008; x_wconf 76' lang='lat' dir='ltr'>facessere</span> <span class='ocrx_word' id='word_1_168' title='bbox 442 1981 548 2008; x_wconf 83' lang='lat' dir='ltr'>valeant</span> <span class='ocrx_word' id='word_1_169' title='bbox 565 1991 570 2008; x_wconf 74' lang='grc' dir='ltr'>ε</span> <span class='ocrx_word' id='word_1_170' title='bbox 590 1986 619 2008; x_wconf 87' lang='grc' dir='ltr'>ιιι</span> <span class='ocrx_word' id='word_1_171' title='bbox 646 1987 788 2017; x_wconf 86' lang='lat' dir='ltr'>propterea</span> <span class='ocrx_word' id='word_1_172' title='bbox 813 1986 853 2020; x_wconf 72' lang='lat' dir='ltr'>ip-</span> 
     </span>
     <span class='ocr_line' id='line_1_30' title="bbox 63 2026 566 2062; baseline 0.002 -9"><span class='ocrx_word' id='word_1_173' title='bbox 63 2033 122 2053; x_wconf 89' lang='lat' dir='ltr'>sum</span> <span class='ocrx_word' id='word_1_174' title='bbox 140 2026 191 2053; x_wconf 91' lang='lat' dir='ltr'>hac</span> <span class='ocrx_word' id='word_1_175' title='bbox 209 2026 243 2053; x_wconf 83' lang='lat' dir='ltr'>de</span> <span class='ocrx_word' id='word_1_176' title='bbox 255 2034 284 2054; x_wconf 88' lang='lat' dir='ltr'>re</span> <span class='ocrx_word' id='word_1_177' title='bbox 298 2027 441 2054; x_wconf 87' lang='lat' dir='ltr'>consulere</span> <span class='ocrx_word' id='word_1_178' title='bbox 454 2027 566 2062; x_wconf 83' lang='lat' dir='ltr'>juverit.</span> 
     </span>
    </p>
   </div>
   <div class='ocr_carea' id='block_1_8' title="bbox 59 2093 851 2362">
    <p class='ocr_par' dir='ltr' id='par_1_8' title="bbox 59 2093 851 2362">
     <span class='ocr_line' id='line_1_31' title="bbox 95 2093 851 2131; baseline 0.008 -11"><span class='ocrx_word' id='word_1_179' title='bbox 95 2093 345 2121; x_wconf 79' lang='lat' dir='ltr'>11.Amirrl1ezicum</span> <span class='ocrx_word' id='word_1_180' title='bbox 367 2095 507 2131; x_wconf 84' lang='lat' dir='ltr'>excipiunt</span> <span class='ocrx_word' id='word_1_181' title='bbox 536 2096 696 2124; x_wconf 79' lang='lat' dir='ltr'>Testimonia</span> <span class='ocrx_word' id='word_1_182' title='bbox 727 2099 851 2127; x_wconf 78' lang='lat' dir='ltr'>adversus</span> 
     </span>
     <span class='ocr_line' id='line_1_32' title="bbox 60 2139 851 2175; baseline 0.009 -9"><span class='ocrx_word' id='word_1_183' title='bbox 60 2139 179 2172; x_wconf 77' lang='lat' dir='ltr'>Judoeos.</span> <span class='ocrx_word' id='word_1_184' title='bbox 206 2148 266 2175; x_wconf 81' lang='lat' dir='ltr'>quae</span> <span class='ocrx_word' id='word_1_185' title='bbox 295 2140 391 2168; x_wconf 82' lang='lat' dir='ltr'>Latine</span> <span class='ocrx_word' id='word_1_186' title='bbox 413 2146 518 2169; x_wconf 85' lang='lat' dir='ltr'>tantum</span> <span class='ocrx_word' id='word_1_187' title='bbox 539 2150 571 2169; x_wconf 86' lang='lat' dir='ltr'>ex</span> <span class='ocrx_word' id='word_1_188' title='bbox 602 2143 740 2171; x_wconf 84' lang='lat' dir='ltr'>Laurentii</span> <span class='ocrx_word' id='word_1_189' title='bbox 765 2145 851 2173; x_wconf 80' lang='lat' dir='ltr'>Silani</span> 
     </span>
     <span class='ocr_line' id='line_1_33' title="bbox 61 2186 851 2219; baseline 0.009 -8"><span class='ocrx_word' id='word_1_190' title='bbox 61 2186 186 2214; x_wconf 80' lang='lat' dir='ltr'>versione</span> <span class='ocrx_word' id='word_1_191' title='bbox 213 2187 277 2213; x_wconf 90' lang='lat' dir='ltr'>olim</span> <span class='ocrx_word' id='word_1_192' title='bbox 306 2186 379 2214; x_wconf 87' lang='lat' dir='ltr'>edita</span> <span class='ocrx_word' id='word_1_193' title='bbox 412 2187 529 2215; x_wconf 84' lang='lat' dir='ltr'>fuerant.</span> <span class='ocrx_word' id='word_1_194' title='bbox 560 2187 597 2215; x_wconf 80' lang='lat' dir='ltr'>Ea</span> <span class='ocrx_word' id='word_1_195' title='bbox 614 2196 679 2216; x_wconf 79' lang='lat' dir='ltr'>vero</span> <span class='ocrx_word' id='word_1_196' title='bbox 695 2197 727 2217; x_wconf 82' lang='lat' dir='ltr'>ex</span> <span class='ocrx_word' id='word_1_197' title='bbox 744 2190 851 2219; x_wconf 87' lang='lat' dir='ltr'>duobus</span> 
     </span>
     <span class='ocr_line' id='line_1_34' title="bbox 60 2231 849 2270; baseline 0.008 -13"><span class='ocrx_word' id='word_1_198' title='bbox 60 2231 201 2259; x_wconf 85' lang='lat' dir='ltr'>Vaticanis</span> <span class='ocrx_word' id='word_1_199' title='bbox 216 2231 358 2259; x_wconf 82' lang='lat' dir='ltr'>codicibus</span> <span class='ocrx_word' id='word_1_200' title='bbox 374 2232 491 2259; x_wconf 90' lang='lat' dir='ltr'>invicem</span> <span class='ocrx_word' id='word_1_201' title='bbox 522 2233 629 2260; x_wconf 87' lang='lat' dir='ltr'>collatis</span> <span class='ocrx_word' id='word_1_202' title='bbox 646 2235 766 2270; x_wconf 79' lang='lat' dir='ltr'>vulgavit</span> <span class='ocrx_word' id='word_1_203' title='bbox 780 2237 849 2263; x_wconf 86' lang='lat' dir='ltr'>idem</span> 
     </span>
     <span class='ocr_line' id='line_1_35' title="bbox 59 2277 850 2316; baseline 0.008 -13"><span class='ocrx_word' id='word_1_204' title='bbox 59 2277 211 2312; x_wconf 84' lang='lat' dir='ltr'>Zacagnius</span> <span class='ocrx_word' id='word_1_205' title='bbox 236 2277 284 2312; x_wconf 89' lang='grc'>(8).</span> <span class='ocrx_word' id='word_1_206' title='bbox 306 2277 343 2305; x_wconf 87' lang='lat' dir='ltr'>De</span> <span class='ocrx_word' id='word_1_207' title='bbox 367 2278 481 2312; x_wconf 86' lang='lat' dir='ltr'>hujusce</span> <span class='ocrx_word' id='word_1_208' title='bbox 502 2279 762 2316; x_wconf 78' lang='lat' dir='ltr'>oper-isintegritate</span> <span class='ocrx_word' id='word_1_209' title='bbox 783 2290 850 2309; x_wconf 89' lang='lat' dir='ltr'>non-</span> 
     </span>
     <span class='ocr_line' id='line_1_36' title="bbox 60 2323 848 2362; baseline 0.008 -12"><span class='ocrx_word' id='word_1_210' title='bbox 60 2324 126 2351; x_wconf 84' lang='lat' dir='ltr'>nulli</span> <span class='ocrx_word' id='word_1_211' title='bbox 142 2331 175 2351; x_wconf 91' lang='lat' dir='ltr'>eo</span> <span class='ocrx_word' id='word_1_212' title='bbox 194 2324 305 2351; x_wconf 87' lang='lat' dir='ltr'>nomine</span> <span class='ocrx_word' id='word_1_213' title='bbox 325 2323 497 2358; x_wconf 83' lang='lat' dir='ltr'>dubitarunt,</span> <span class='ocrx_word' id='word_1_214' title='bbox 512 2326 585 2360; x_wconf 90' lang='lat' dir='ltr'>qnod</span> <span class='ocrx_word' id='word_1_215' title='bbox 616 2327 667 2354; x_wconf 91' lang='lat' dir='ltr'>sub</span> <span class='ocrx_word' id='word_1_216' title='bbox 691 2327 752 2362; x_wconf 85' lang='lat' dir='ltr'>ejus</span> <span class='ocrx_word' id='word_1_217' title='bbox 768 2328 848 2356; x_wconf 82' lang='lat' dir='ltr'>linem</span> 
     </span>
    </p>
   </div>
   <div class='ocr_carea' id='block_1_9' title="bbox 59 2368 1224 2406">
    <p class='ocr_par' dir='ltr' id='par_1_9' title="bbox 59 2368 1224 2406">
     <span class='ocr_line' id='line_1_37' title="bbox 59 2368 1224 2406; baseline 0.005 -9"><span class='ocrx_word' id='word_1_218' title='bbox 59 2370 158 2397; x_wconf 85' lang='lat' dir='ltr'>citetur</span> <span class='ocrx_word' id='word_1_219' title='bbox 171 2368 385 2404; x_wconf 79' lang='lat' dir='ltr'>chrysostomus</span> <span class='ocrx_word' id='word_1_220' title='bbox 403 2370 449 2405; x_wconf 88' lang='lat' dir='ltr'>qui</span> <span class='ocrx_word' id='word_1_221' title='bbox 468 2375 529 2405; x_wconf 91' lang='lat' dir='ltr'>post</span> <span class='ocrx_word' id='word_1_222' title='bbox 544 2370 656 2406; x_wconf 84' lang='lat' dir='ltr'>Nysseni</span> <span class='ocrx_word' id='word_1_223' title='bbox 674 2378 780 2401; x_wconf 63' lang='lat' dir='ltr'>a‘tatem</span> <span class='ocrx_word' id='word_1_224' title='bbox 793 2375 848 2402; x_wconf 86' lang='lat' dir='ltr'>cla·</span> <span class='ocrx_word' id='word_1_225' title='bbox 862 2373 883 2402; x_wconf 89' lang='lat' dir='ltr'>C</span> <span class='ocrx_word' id='word_1_226' title='bbox 901 2373 1091 2400; x_wconf 86' lang='lat' dir='ltr'>auctoritatem</span> <span class='ocrx_word' id='word_1_227' title='bbox 1126 2372 1224 2403; x_wconf 82' lang='lat' dir='ltr'>secuti,</span> 
     </span>
    </p>
   </div>
   <div class='ocr_carea' id='block_1_10' title="bbox 59 2414 848 2545">
    <p class='ocr_par' dir='ltr' id='par_1_10' title="bbox 59 2414 848 2545">
     <span class='ocr_line' id='line_1_38' title="bbox 59 2414 848 2453; baseline 0.009 -12"><span class='ocrx_word' id='word_1_228' title='bbox 59 2416 123 2448; x_wconf 78' lang='lat' dir='ltr'>ruit,</span> <span class='ocrx_word' id='word_1_229' title='bbox 138 2416 165 2442; x_wconf 91' lang='lat' dir='ltr'>in</span> <span class='ocrx_word' id='word_1_230' title='bbox 181 2415 246 2442; x_wconf 87' lang='lat' dir='ltr'>illud</span> <span class='ocrx_word' id='word_1_231' title='bbox 261 2414 339 2443; x_wconf 78' lang='lat' dir='ltr'>Joan.</span> <span class='ocrx_word' id='word_1_232' title='bbox 353 2424 409 2448; x_wconf 72' lang='lat' dir='ltr'>xix,</span> <span class='ocrx_word' id='word_1_233' title='bbox 428 2417 472 2448; x_wconf 68' lang='lat'>54,</span> <span class='ocrx_word' id='word_1_234' title='bbox 487 2416 583 2443; x_wconf 77' lang='lat' dir='ltr'>Statim</span> <span class='ocrx_word' id='word_1_235' title='bbox 603 2418 683 2445; x_wconf 64' lang='lat' dir='ltr'>exivit</span> <span class='ocrx_word' id='word_1_236' title='bbox 703 2421 812 2453; x_wconf 66' lang='lat' dir='ltr'>sanquis</span> <span class='ocrx_word' id='word_1_237' title='bbox 824 2427 848 2448; x_wconf 85' lang='lat' dir='ltr'>et</span> 
     </span>
     <span class='ocr_line' id='line_1_39' title="bbox 59 2460 847 2501; baseline 0.008 -14"><span class='ocrx_word' id='word_1_238' title='bbox 59 2470 138 2495; x_wconf 75' lang='lat' dir='ltr'>aqua.</span> <span class='ocrx_word' id='word_1_239' title='bbox 155 2460 255 2489; x_wconf 79' lang='lat' dir='ltr'>Verum</span> <span class='ocrx_word' id='word_1_240' title='bbox 285 2461 323 2495; x_wconf 78' lang='grc'>(9)</span> <span class='ocrx_word' id='word_1_241' title='bbox 349 2470 402 2489; x_wconf 90' lang='lat' dir='ltr'>non</span> <span class='ocrx_word' id='word_1_242' title='bbox 436 2467 476 2489; x_wconf 88' lang='lat' dir='ltr'>est</span> <span class='ocrx_word' id='word_1_243' title='bbox 492 2470 542 2489; x_wconf 90' lang='lat' dir='ltr'>cur</span> <span class='ocrx_word' id='word_1_244' title='bbox 558 2464 676 2498; x_wconf 88' lang='lat' dir='ltr'>amplius</span> <span class='ocrx_word' id='word_1_245' title='bbox 707 2465 758 2492; x_wconf 84' lang='lat' dir='ltr'>hoc</span> <span class='ocrx_word' id='word_1_246' title='bbox 779 2474 847 2501; x_wconf 88' lang='lat' dir='ltr'>opus</span> 
     </span>
     <span class='ocr_line' id='line_1_40' title="bbox 60 2507 847 2545; baseline 0.009 -11"><span class='ocrx_word' id='word_1_247' title='bbox 60 2507 180 2543; x_wconf 76' lang='lat' dir='ltr'>Nysseno</span> <span class='ocrx_word' id='word_1_248' title='bbox 197 2508 364 2543; x_wconf 84' lang='lat' dir='ltr'>abjudicent,</span> <span class='ocrx_word' id='word_1_249' title='bbox 381 2510 404 2536; x_wconf 88' lang='lat' dir='ltr'>si</span> <span class='ocrx_word' id='word_1_250' title='bbox 415 2516 447 2536; x_wconf 90' lang='lat' dir='ltr'>eo</span> <span class='ocrx_word' id='word_1_251' title='bbox 463 2513 568 2537; x_wconf 84' lang='lat' dir='ltr'>tantum</span> <span class='ocrx_word' id='word_1_252' title='bbox 585 2517 745 2545; x_wconf 82' lang='lat' dir='ltr'>argumento</span> <span class='ocrx_word' id='word_1_253' title='bbox 758 2514 847 2541; x_wconf 83' lang='lat' dir='ltr'>nitan-</span> 
     </span>
    </p>
   </div>
   <div class='ocr_carea' id='block_1_11' title="bbox 53 2579 846 2818">
    <p class='ocr_par' dir='ltr' id='par_1_11' title="bbox 53 2579 846 2818">
     <span class='ocr_line' id='line_1_41' title="bbox 692 2579 845 2607; baseline 0.013 -3"><span class='ocrx_word' id='word_1_254' title='bbox 692 2599 697 2604; x_wconf 94' lang='lat'>.</span> <span class='ocrx_word' id='word_1_255' title='bbox 718 2579 845 2607; x_wconf 68' lang='lat'>125-287.</span> 
     </span>
     <span class='ocr_line' id='line_1_42' title="bbox 95 2587 844 2645; baseline 0.005 -8"><span class='ocrx_word' id='word_1_256' title='bbox 95 2611 134 2645; x_wconf 67' lang='lat'>(2)</span> <span class='ocrx_word' id='word_1_257' title='bbox 148 2610 243 2638; x_wconf 82' lang='lat' dir='ltr'>Leont.</span> <span class='ocrx_word' id='word_1_258' title='bbox 259 2611 306 2638; x_wconf 82' lang='lat' dir='ltr'>lib.</span> <span class='ocrx_word' id='word_1_259' title='bbox 329 2610 366 2637; x_wconf 79' lang='lat' dir='ltr'>Dc</span> <span class='ocrx_word' id='word_1_260' title='bbox 389 2617 451 2638; x_wconf 81' lang='lat' dir='ltr'>sect.</span> <span class='ocrx_word' id='word_1_261' title='bbox 474 2617 526 2637; x_wconf 81' lang='lat' dir='ltr'>act.</span> <span class='ocrx_word' id='word_1_262' title='bbox 543 2612 558 2638; x_wconf 83' lang='lat'>8</span> <span class='ocrx_word' id='word_1_263' title='bbox 570 2633 576 2643; x_wconf 83' lang='grc'>,</span> <span class='ocrx_word' id='word_1_264' title='bbox 595 2587 741 2640; x_wconf 59' lang='grc' dir='ltr'>Βίὁί.ΡΡΡ.</span> <span class='ocrx_word' id='word_1_265' title='bbox 759 2615 844 2641; x_wconf 82' lang='lat' dir='ltr'>Paris.</span> 
     </span>
     <span class='ocr_line' id='line_1_43' title="bbox 62 2646 845 2680; baseline 0.006 -8"><span class='ocrx_word' id='word_1_266' title='bbox 62 2646 140 2672; x_wconf 69' lang='lat'>1644.</span> <span class='ocrx_word' id='word_1_267' title='bbox 162 2650 227 2673; x_wconf 82' lang='lat' dir='ltr'>tom.</span> <span class='ocrx_word' id='word_1_268' title='bbox 244 2646 290 2678; x_wconf 79' lang='lat' dir='ltr'>xl,</span> <span class='ocrx_word' id='word_1_269' title='bbox 305 2654 366 2680; x_wconf 81' lang='lat' dir='ltr'>pag.</span> <span class='ocrx_word' id='word_1_270' title='bbox 382 2646 441 2679; x_wconf 59' lang='lat'>5:56.</span> <span class='ocrx_word' id='word_1_271' title='bbox 466 2646 502 2673; x_wconf 80' lang='grc' dir='ltr'>Μ.</span> <span class='ocrx_word' id='word_1_272' title='bbox 517 2648 563 2674; x_wconf 88' lang='lat' dir='ltr'>lib.</span> <span class='ocrx_word' id='word_1_273' title='bbox 579 2656 604 2679; x_wconf 85' lang='grc' dir='ltr'><strong>ι,</strong></span> <span class='ocrx_word' id='word_1_274' title='bbox 618 2654 710 2675; x_wconf 81' lang='lat' dir='ltr'>contra</span> <span class='ocrx_word' id='word_1_275' title='bbox 738 2649 845 2677; x_wconf 79' lang='lat' dir='ltr'>Nestor.</span> 
     </span>
     <span class='ocr_line' id='line_1_44' title="bbox 59 2681 697 2717; baseline 0.003 -9"><span class='ocrx_word' id='word_1_276' title='bbox 59 2687 83 2708; x_wconf 83' lang='lat' dir='ltr'>et</span> <span class='ocrx_word' id='word_1_277' title='bbox 102 2682 214 2715; x_wconf 70' lang='lat' dir='ltr'>Euryali.</span> <span class='ocrx_word' id='word_1_278' title='bbox 239 2686 294 2708; x_wconf 92' lang='lat' dir='ltr'>tom</span> <span class='ocrx_word' id='word_1_279' title='bbox 311 2682 329 2707; x_wconf 85' lang='lat'>1.</span> <span class='ocrx_word' id='word_1_280' title='bbox 348 2681 422 2708; x_wconf 79' lang='lat' dir='ltr'>Thes.</span> <span class='ocrx_word' id='word_1_281' title='bbox 440 2682 532 2708; x_wconf 65' lang='lat' dir='ltr'>cunis.</span> <span class='ocrx_word' id='word_1_282' title='bbox 555 2691 614 2717; x_wconf 79' lang='lat' dir='ltr'>pag.</span> <span class='ocrx_word' id='word_1_283' title='bbox 635 2684 697 2710; x_wconf 72' lang='lat'>552.</span> 
     </span>
     <span class='ocr_line' id='line_1_45' title="bbox 96 2716 846 2752; baseline 0.008 -10"><span class='ocrx_word' id='word_1_284' title='bbox 96 2717 134 2745; x_wconf 82' lang='grc'>(5)</span> <span class='ocrx_word' id='word_1_285' title='bbox 149 2716 173 2742; x_wconf 83' lang='lat' dir='ltr'>J.</span> <span class='ocrx_word' id='word_1_286' title='bbox 192 2717 268 2743; x_wconf 81' lang='lat' dir='ltr'>Dam.</span> <span class='ocrx_word' id='word_1_287' title='bbox 285 2717 322 2743; x_wconf 84' lang='lat' dir='ltr'>De</span> <span class='ocrx_word' id='word_1_288' title='bbox 333 2717 413 2743; x_wconf 65' lang='lat' dir='ltr'>(zaab.</span> <span class='ocrx_word' id='word_1_289' title='bbox 429 2718 478 2744; x_wconf 80' lang='lat' dir='ltr'>vol.</span> <span class='ocrx_word' id='word_1_290' title='bbox 493 2717 506 2751; x_wconf 63' lang='grc' dir='ltr'>ξ</span> <span class='ocrx_word' id='word_1_291' title='bbox 521 2718 565 2744; x_wconf 76' lang='lat'>55.</span> <span class='ocrx_word' id='word_1_292' title='bbox 580 2718 649 2752; x_wconf 86' lang='lat' dir='ltr'>Opp.</span> <span class='ocrx_word' id='word_1_293' title='bbox 666 2725 685 2746; x_wconf 90' lang='lat' dir='ltr'>t.</span> <span class='ocrx_word' id='word_1_294' title='bbox 698 2720 726 2747; x_wconf 83' lang='grc' dir='ltr'>Ι,</span> <span class='ocrx_word' id='word_1_295' title='bbox 746 2721 846 2750; x_wconf 50' lang='lat'>11548.</span> 
     </span>
     <span class='ocr_line' id='line_1_46' title="bbox 53 2748 844 2810; baseline 0.008 -36"><span class='ocrx_word' id='word_1_296' title='bbox 53 2788 62 2810; x_wconf 83' lang='lat' dir='ltr'>t</span> <span class='ocrx_word' id='word_1_297' title='bbox 98 2748 395 2810; x_wconf 43' lang='lat' dir='ltr'>(4)Cl{uxthxym.1¹nnopl</span> <span class='ocrx_word' id='word_1_298' title='bbox 421 2756 490 2786; x_wconf 87' lang='lat' dir='ltr'>part.</span> <span class='ocrx_word' id='word_1_299' title='bbox 508 2760 537 2784; x_wconf 90' lang='grc' dir='ltr'><strong>ιι,</strong></span> <span class='ocrx_word' id='word_1_300' title='bbox 556 2752 596 2779; x_wconf 83' lang='lat' dir='ltr'>lit.</span> <span class='ocrx_word' id='word_1_301' title='bbox 615 2753 647 2780; x_wconf 78' lang='lat'>15</span> <span class='ocrx_word' id='word_1_302' title='bbox 662 2758 687 2780; x_wconf 85' lang='lat' dir='ltr'>et</span> <span class='ocrx_word' id='word_1_303' title='bbox 707 2754 738 2780; x_wconf 87' lang='lat'>15</span> <span class='ocrx_word' id='word_1_304' title='bbox 755 2754 844 2784; x_wconf 74' lang='lat' dir='ltr'>(Putr-</span> 
     </span>
     <span class='ocr_line' id='line_1_47' title="bbox 65 2789 252 2818; baseline 0.005 -9"><span class='ocrx_word' id='word_1_305' title='bbox 65 2792 112 2812; x_wconf 84' lang='lat' dir='ltr'>om.</span> <span class='ocrx_word' id='word_1_306' title='bbox 152 2804 159 2810; x_wconf 82' lang='lat'>.</span> <span class='ocrx_word' id='word_1_307' title='bbox 179 2804 186 2810; x_wconf 83' lang='lat'>.</span> <span class='ocrx_word' id='word_1_308' title='bbox 206 2803 213 2810; x_wconf 70' lang='lat'>.</span> <span class='ocrx_word' id='word_1_309' title='bbox 233 2789 252 2818; x_wconf 85' lang='lat'>).</span> 
     </span>
    </p>
   </div>
   <div class='ocr_carea' id='block_1_12' title="bbox 96 2575 650 2609">
    <p class='ocr_par' dir='ltr' id='par_1_12' title="bbox 96 2575 650 2609">
     <span class='ocr_line' id='line_1_48' title="bbox 96 2575 650 2609; baseline 0.004 -8"><span class='ocrx_word' id='word_1_310' title='bbox 96 2575 133 2609; x_wconf 88' lang='lat' dir='ltr'>(l)</span> <span class='ocrx_word' id='word_1_311' title='bbox 149 2575 225 2606; x_wconf 66' lang='lat' dir='ltr'>Zac..</span> <span class='ocrx_word' id='word_1_312' title='bbox 241 2575 351 2602; x_wconf 81' lang='lat' dir='ltr'>Collecl.</span> <span class='ocrx_word' id='word_1_313' title='bbox 365 2583 434 2602; x_wconf 80' lang='lat' dir='ltr'>mon.</span> <span class='ocrx_word' id='word_1_314' title='bbox 450 2581 500 2603; x_wconf 76' lang='lat' dir='ltr'>vet.</span> <span class='ocrx_word' id='word_1_315' title='bbox 514 2576 588 2603; x_wconf 82' lang='lat' dir='ltr'>Eccl.</span> <span class='ocrx_word' id='word_1_316' title='bbox 606 2577 650 2603; x_wconf 85' lang='lat' dir='ltr'>Gr.</span> 
     </span>
    </p>
   </div>
   <div class='ocr_carea' id='block_1_13' title="bbox 908 1060 1701 1097">
    <p class='ocr_par' dir='ltr' id='par_1_13' title="bbox 908 1060 1701 1097">
     <span class='ocr_line' id='line_1_49' title="bbox 908 1060 1701 1097; baseline 0.006 -10"><span class='ocrx_word' id='word_1_317' title='bbox 908 1060 1022 1097; x_wconf 78' lang='lat' dir='ltr'>Nysseni</span> <span class='ocrx_word' id='word_1_318' title='bbox 1065 1063 1139 1097; x_wconf 88' lang='lat' dir='ltr'>operi</span> <span class='ocrx_word' id='word_1_319' title='bbox 1182 1068 1318 1096; x_wconf 82' lang='lat' dir='ltr'>assutum,</span> <span class='ocrx_word' id='word_1_320' title='bbox 1360 1072 1392 1092; x_wconf 86' lang='lat' dir='ltr'>ex</span> <span class='ocrx_word' id='word_1_321' title='bbox 1441 1063 1572 1091; x_wconf 79' lang='lat' dir='ltr'>Vaticano</span> <span class='ocrx_word' id='word_1_322' title='bbox 1608 1065 1701 1092; x_wconf 84' lang='lat' dir='ltr'>codice</span> 
     </span>
    </p>
   </div>
   <div class='ocr_carea' id='block_1_14' title="bbox 909 1109 1301 1144">
    <p class='ocr_par' dir='ltr' id='par_1_14' title="bbox 909 1109 1301 1144">
     <span class='ocr_line' id='line_1_50' title="bbox 909 1109 1301 1144; baseline 0.005 -10"><span class='ocrx_word' id='word_1_323' title='bbox 909 1116 984 1135; x_wconf 90' lang='lat' dir='ltr'>num.</span> <span class='ocrx_word' id='word_1_324' title='bbox 1002 1109 1070 1136; x_wconf 77' lang='lat'>1907</span> <span class='ocrx_word' id='word_1_325' title='bbox 1087 1109 1164 1144; x_wconf 82' lang='lat' dir='ltr'>plane</span> <span class='ocrx_word' id='word_1_326' title='bbox 1184 1114 1301 1137; x_wconf 85' lang='lat' dir='ltr'>constet.</span> 
     </span>
    </p>
   </div>
   <div class='ocr_carea' id='block_1_15' title="bbox 906 1175 1701 1573">
    <p class='ocr_par' dir='ltr' id='par_1_15' title="bbox 906 1175 1701 1573">
     <span class='ocr_line' id='line_1_51' title="bbox 944 1175 1701 1212; baseline 0.001 -10"><span class='ocrx_word' id='word_1_327' title='bbox 944 1176 988 1202; x_wconf 88' lang='grc'>111.</span> <span class='ocrx_word' id='word_1_328' title='bbox 1006 1175 1165 1211; x_wconf 84' lang='lat' dir='ltr'>Sequuntur</span> <span class='ocrx_word' id='word_1_329' title='bbox 1185 1176 1329 1203; x_wconf 86' lang='lat' dir='ltr'>Orationes</span> <span class='ocrx_word' id='word_1_330' title='bbox 1345 1177 1404 1203; x_wconf 61' lang='lat' dir='ltr'>«luat</span> <span class='ocrx_word' id='word_1_331' title='bbox 1419 1176 1611 1212; x_wconf 86' lang='lat' dir='ltr'>(10)‚qnarum</span> <span class='ocrx_word' id='word_1_332' title='bbox 1628 1177 1701 1211; x_wconf 68' lang='lat' dir='ltr'>prior</span> 
     </span>
     <span class='ocr_line' id='line_1_52' title="bbox 907 1222 1700 1258; baseline 0 -9"><span class='ocrx_word' id='word_1_333' title='bbox 907 1228 949 1250; x_wconf 85' lang='lat' dir='ltr'>cst</span> <span class='ocrx_word' id='word_1_334' title='bbox 975 1223 1094 1250; x_wconf 76' lang='lat' dir='ltr'>nomilia</span> <span class='ocrx_word' id='word_1_335' title='bbox 1109 1231 1126 1249; x_wconf 88' lang='grc' dir='ltr'>ιι</span> <span class='ocrx_word' id='word_1_336' title='bbox 1147 1224 1173 1249; x_wconf 82' lang='lat' dir='ltr'>in</span> <span class='ocrx_word' id='word_1_337' title='bbox 1187 1228 1308 1249; x_wconf 79' lang='lat' dir='ltr'>sanctum</span> <span class='ocrx_word' id='word_1_338' title='bbox 1336 1222 1497 1256; x_wconf 65' lang='lat' dir='ltr'>Stephanum</span> <span class='ocrx_word' id='word_1_339' title='bbox 1520 1228 1700 1258; x_wconf 66' lang='lat' dir='ltr'>protomarty-</span> 
     </span>
     <span class='ocr_line' id='line_1_53' title="bbox 908 1269 1700 1304; baseline 0 -9"><span class='ocrx_word' id='word_1_340' title='bbox 908 1278 971 1301; x_wconf 81' lang='lat' dir='ltr'>rem,</span> <span class='ocrx_word' id='word_1_341' title='bbox 995 1278 1028 1297; x_wconf 83' lang='lat' dir='ltr'>ex</span> <span class='ocrx_word' id='word_1_342' title='bbox 1046 1278 1096 1297; x_wconf 88' lang='lat' dir='ltr'>ms.</span> <span class='ocrx_word' id='word_1_343' title='bbox 1121 1269 1252 1296; x_wconf 86' lang='lat' dir='ltr'>Vaticano</span> <span class='ocrx_word' id='word_1_344' title='bbox 1263 1278 1338 1297; x_wconf 90' lang='lat' dir='ltr'>num.</span> <span class='ocrx_word' id='word_1_345' title='bbox 1357 1271 1409 1296; x_wconf 66' lang='lat' dir='ltr'>litu</span> <span class='ocrx_word' id='word_1_346' title='bbox 1425 1270 1562 1304; x_wconf 84' lang='lat' dir='ltr'>descripta</span> <span class='ocrx_word' id='word_1_347' title='bbox 1581 1279 1587 1295; x_wconf 91' lang='lat'>:</span> <span class='ocrx_word' id='word_1_348' title='bbox 1615 1270 1700 1304; x_wconf 75' lang='lat' dir='ltr'>siqui-</span> 
     </span>
     <span class='ocr_line' id='line_1_54' title="bbox 907 1315 1699 1351; baseline 0 -10"><span class='ocrx_word' id='word_1_349' title='bbox 907 1316 968 1342; x_wconf 88' lang='lat' dir='ltr'>dem</span> <span class='ocrx_word' id='word_1_350' title='bbox 1003 1315 1118 1342; x_wconf 81' lang='lat' dir='ltr'>lloniilia</span> <span class='ocrx_word' id='word_1_351' title='bbox 1138 1324 1145 1342; x_wconf 90' lang='grc' dir='ltr'><strong>ι</strong></span> <span class='ocrx_word' id='word_1_352' title='bbox 1163 1316 1325 1351; x_wconf 86' lang='lat' dir='ltr'>jampridem</span> <span class='ocrx_word' id='word_1_353' title='bbox 1342 1317 1413 1343; x_wconf 83' lang='lat' dir='ltr'>inter</span> <span class='ocrx_word' id='word_1_354' title='bbox 1430 1324 1511 1351; x_wconf 83' lang='lat' dir='ltr'>opera</span> <span class='ocrx_word' id='word_1_355' title='bbox 1530 1315 1699 1351; x_wconf 67' lang='lat' dir='ltr'>Nysseniana</span> 
     </span>
     <span class='ocr_line' id='line_1_55' title="bbox 908 1362 1700 1397; baseline 0 -10"><span class='ocrx_word' id='word_1_356' title='bbox 908 1362 1055 1396; x_wconf 88' lang='lat' dir='ltr'>prodierat.</span> <span class='ocrx_word' id='word_1_357' title='bbox 1076 1362 1232 1389; x_wconf 85' lang='lat' dir='ltr'>Orationem</span> <span class='ocrx_word' id='word_1_358' title='bbox 1255 1370 1319 1389; x_wconf 87' lang='lat' dir='ltr'>vero</span> <span class='ocrx_word' id='word_1_359' title='bbox 1336 1363 1515 1397; x_wconf 76' lang='lat' dir='ltr'>posteriorem</span> <span class='ocrx_word' id='word_1_360' title='bbox 1536 1362 1573 1389; x_wconf 83' lang='lat' dir='ltr'>De</span> <span class='ocrx_word' id='word_1_361' title='bbox 1599 1362 1700 1395; x_wconf 65' lang='lat' dir='ltr'>Spiritu</span> 
     </span>
     <span class='ocr_line' id='line_1_56' title="bbox 907 1407 1699 1441; baseline 0 -8"><span class='ocrx_word' id='word_1_362' title='bbox 907 1413 1009 1439; x_wconf 78' lang='lat' dir='ltr'>sancto,</span> <span class='ocrx_word' id='word_1_363' title='bbox 1026 1415 1086 1441; x_wconf 67' lang='lat' dir='ltr'>qua}</span> <span class='ocrx_word' id='word_1_364' title='bbox 1102 1413 1181 1435; x_wconf 84' lang='lat' dir='ltr'>antea</span> <span class='ocrx_word' id='word_1_365' title='bbox 1198 1416 1230 1435; x_wconf 83' lang='lat' dir='ltr'>ex</span> <span class='ocrx_word' id='word_1_366' title='bbox 1259 1408 1398 1435; x_wconf 80' lang='lat' dir='ltr'>Francisei</span> <span class='ocrx_word' id='word_1_367' title='bbox 1418 1408 1478 1434; x_wconf 81' lang='lat' dir='ltr'>Zini</span> <span class='ocrx_word' id='word_1_368' title='bbox 1495 1408 1622 1435; x_wconf 74' lang='lat' dir='ltr'>versione</span> <span class='ocrx_word' id='word_1_369' title='bbox 1648 1407 1699 1433; x_wconf 81' lang='lat' dir='ltr'>La-</span> 
     </span>
     <span class='ocr_line' id='line_1_57' title="bbox 907 1454 1699 1485; baseline 0 -6"><span class='ocrx_word' id='word_1_370' title='bbox 907 1454 962 1481; x_wconf 85' lang='lat' dir='ltr'>tine</span> <span class='ocrx_word' id='word_1_371' title='bbox 980 1457 1083 1480; x_wconf 89' lang='lat' dir='ltr'>tantum</span> <span class='ocrx_word' id='word_1_372' title='bbox 1112 1455 1249 1485; x_wconf 85' lang='lat' dir='ltr'>exstabat,</span> <span class='ocrx_word' id='word_1_373' title='bbox 1279 1460 1375 1481; x_wconf 83' lang='lat' dir='ltr'>nactus</span> <span class='ocrx_word' id='word_1_374' title='bbox 1393 1459 1434 1481; x_wconf 84' lang='lat' dir='ltr'>est</span> <span class='ocrx_word' id='word_1_375' title='bbox 1451 1455 1540 1481; x_wconf 79' lang='lat' dir='ltr'>editor</span> <span class='ocrx_word' id='word_1_376' title='bbox 1567 1454 1592 1480; x_wconf 87' lang='lat' dir='ltr'>io</span> <span class='ocrx_word' id='word_1_377' title='bbox 1610 1454 1699 1479; x_wconf 54' lang='lat' dir='ltr'>tribus·</span> 
     </span>
     <span class='ocr_line' id='line_1_58' title="bbox 906 1499 1699 1535; baseline -0.003 -8"><span class='ocrx_word' id='word_1_378' title='bbox 906 1500 1050 1528; x_wconf 77' lang='lat' dir='ltr'>codicibus</span> <span class='ocrx_word' id='word_1_379' title='bbox 1065 1499 1216 1532; x_wconf 84' lang='lat' dir='ltr'>Vaticanis.</span> <span class='ocrx_word' id='word_1_380' title='bbox 1232 1508 1347 1535; x_wconf 82' lang='lat' dir='ltr'>eamque</span> <span class='ocrx_word' id='word_1_381' title='bbox 1373 1508 1443 1527; x_wconf 78' lang='lat' dir='ltr'>nova</span> <span class='ocrx_word' id='word_1_382' title='bbox 1476 1500 1699 1534; x_wconf 80' lang='lat' dir='ltr'>interpretatione</span> 
     </span>
     <span class='ocr_line' id='line_1_59' title="bbox 906 1546 1026 1573; baseline 0 0"><span class='ocrx_word' id='word_1_383' title='bbox 906 1546 1026 1573; x_wconf 78' lang='lat' dir='ltr'>donavit.</span> 
     </span>
    </p>
   </div>
   <div class='ocr_carea' id='block_1_16' title="bbox 902 1603 1699 2151">
    <p class='ocr_par' dir='ltr' id='par_1_16' title="bbox 902 1603 1699 2151">
     <span class='ocr_line' id='line_1_60' title="bbox 942 1603 1699 1640; baseline -0.004 -8"><span class='ocrx_word' id='word_1_384' title='bbox 942 1605 985 1632; x_wconf 94' lang='lat' dir='ltr'>lV.</span> <span class='ocrx_word' id='word_1_385' title='bbox 1005 1605 1052 1632; x_wconf 87' lang='lat' dir='ltr'>llis</span> <span class='ocrx_word' id='word_1_386' title='bbox 1073 1613 1155 1640; x_wconf 90' lang='lat' dir='ltr'>porro</span> <span class='ocrx_word' id='word_1_387' title='bbox 1177 1605 1360 1640; x_wconf 83' lang='lat' dir='ltr'>subjiciuntur</span> <span class='ocrx_word' id='word_1_388' title='bbox 1380 1603 1614 1638; x_wconf 63' lang='lat' dir='ltr'>EpistoloeJi&#39;Xll,</span> <span class='ocrx_word' id='word_1_389' title='bbox 1634 1611 1699 1637; x_wconf 78' lang='lat' dir='ltr'>oua-</span> 
     </span>
     <span class='ocr_line' id='line_1_61' title="bbox 907 1650 1698 1687; baseline -0.005 -8"><span class='ocrx_word' id='word_1_390' title='bbox 907 1661 966 1679; x_wconf 89' lang='lat' dir='ltr'>rum</span> <span class='ocrx_word' id='word_1_391' title='bbox 980 1652 1136 1687; x_wconf 81' lang='lat' dir='ltr'>quindecim</span> <span class='ocrx_word' id='word_1_392' title='bbox 1157 1652 1263 1686; x_wconf 86' lang='lat' dir='ltr'>priores</span> <span class='ocrx_word' id='word_1_393' title='bbox 1293 1651 1385 1678; x_wconf 84' lang='lat' dir='ltr'>hausit</span> <span class='ocrx_word' id='word_1_394' title='bbox 1413 1659 1446 1678; x_wconf 78' lang='lat' dir='ltr'>ex</span> <span class='ocrx_word' id='word_1_395' title='bbox 1459 1651 1552 1677; x_wconf 80' lang='lat' dir='ltr'>codiee</span> <span class='ocrx_word' id='word_1_396' title='bbox 1569 1650 1698 1676; x_wconf 75' lang='lat' dir='ltr'>Vaticano</span> 
     </span>
     <span class='ocr_line' id='line_1_62' title="bbox 906 1698 1697 1733; baseline -0.008 -6"><span class='ocrx_word' id='word_1_397' title='bbox 906 1708 981 1727; x_wconf 89' lang='lat' dir='ltr'>num.</span> <span class='ocrx_word' id='word_1_398' title='bbox 1022 1699 1075 1727; x_wconf 54' lang='lat'>[1222</span> <span class='ocrx_word' id='word_1_399' title='bbox 1106 1699 1232 1726; x_wconf 83' lang='lat' dir='ltr'>laudatus</span> <span class='ocrx_word' id='word_1_400' title='bbox 1258 1698 1411 1733; x_wconf 78' lang='lat' dir='ltr'>zacagnius</span> <span class='ocrx_word' id='word_1_401' title='bbox 1440 1706 1447 1725; x_wconf 74' lang='grc' dir='ltr'>ε</span> <span class='ocrx_word' id='word_1_402' title='bbox 1479 1702 1582 1732; x_wconf 85' lang='lat' dir='ltr'>septem</span> <span class='ocrx_word' id='word_1_403' title='bbox 1608 1701 1697 1723; x_wconf 75' lang='lat' dir='ltr'>auteur</span> 
     </span>
     <span class='ocr_line' id='line_1_63' title="bbox 906 1744 1698 1781; baseline -0.006 -8"><span class='ocrx_word' id='word_1_404' title='bbox 906 1746 1074 1781; x_wconf 81' lang='lat' dir='ltr'>posteriores</span> <span class='ocrx_word' id='word_1_405' title='bbox 1089 1754 1103 1773; x_wconf 91' lang='lat' dir='ltr'>e</span> <span class='ocrx_word' id='word_1_406' title='bbox 1119 1751 1209 1774; x_wconf 79' lang='lat' dir='ltr'>velere</span> <span class='ocrx_word' id='word_1_407' title='bbox 1224 1746 1293 1772; x_wconf 86' lang='lat' dir='ltr'>libro</span> <span class='ocrx_word' id='word_1_408' title='bbox 1307 1746 1515 1772; x_wconf 83' lang='lat' dir='ltr'>membranaceo</span> <span class='ocrx_word' id='word_1_409' title='bbox 1528 1744 1698 1771; x_wconf 70' lang='lat' dir='ltr'>bibliotheca·</span> 
     </span>
     <span class='ocr_line' id='line_1_64' title="bbox 906 1788 1697 1826; baseline -0.008 -7"><span class='ocrx_word' id='word_1_410' title='bbox 906 1792 1031 1819; x_wconf 73' lang='lat' dir='ltr'>Mediceae</span> <span class='ocrx_word' id='word_1_411' title='bbox 1048 1791 1153 1826; x_wconf 86' lang='lat' dir='ltr'>primus</span> <span class='ocrx_word' id='word_1_412' title='bbox 1167 1792 1193 1818; x_wconf 91' lang='lat' dir='ltr'>in</span> <span class='ocrx_word' id='word_1_413' title='bbox 1223 1792 1311 1818; x_wconf 89' lang='lat' dir='ltr'>lucem</span> <span class='ocrx_word' id='word_1_414' title='bbox 1338 1791 1431 1818; x_wconf 80' lang='lat' dir='ltr'>eduxit.</span> <span class='ocrx_word' id='word_1_415' title='bbox 1447 1791 1620 1825; x_wconf 66' lang='lat' dir='ltr'>vulgaxitque</span> <span class='ocrx_word' id='word_1_416' title='bbox 1636 1788 1697 1814; x_wconf 77' lang='lat' dir='ltr'>Flo-</span> 
     </span>
     <span class='ocr_line' id='line_1_65' title="bbox 905 1836 1697 1871; baseline -0.005 -6"><span class='ocrx_word' id='word_1_417' title='bbox 905 1838 1009 1870; x_wconf 83' lang='lat' dir='ltr'>rentiae,</span> <span class='ocrx_word' id='word_1_418' title='bbox 1024 1846 1096 1865; x_wconf 90' lang='lat' dir='ltr'>anno</span> <span class='ocrx_word' id='word_1_419' title='bbox 1114 1838 1192 1871; x_wconf 76' lang='lat'>1751,</span> <span class='ocrx_word' id='word_1_420' title='bbox 1205 1846 1230 1865; x_wconf 87' lang='lat' dir='ltr'>v.</span> <span class='ocrx_word' id='word_1_421' title='bbox 1248 1838 1282 1864; x_wconf 89' lang='lat' dir='ltr'>cl.</span> <span class='ocrx_word' id='word_1_422' title='bbox 1298 1837 1418 1864; x_wconf 85' lang='lat' dir='ltr'>Joanncs</span> <span class='ocrx_word' id='word_1_423' title='bbox 1436 1836 1556 1871; x_wconf 78' lang='lat' dir='ltr'>Baptista</span> <span class='ocrx_word' id='word_1_424' title='bbox 1569 1836 1697 1863; x_wconf 81' lang='lat' dir='ltr'>Caraeio-</span> 
     </span>
     <span class='ocr_line' id='line_1_66' title="bbox 904 1882 1696 1919; baseline -0.005 -8"><span class='ocrx_word' id='word_1_425' title='bbox 904 1885 947 1912; x_wconf 91' lang='lat' dir='ltr'>lus</span> <span class='ocrx_word' id='word_1_426' title='bbox 967 1893 972 1911; x_wconf 91' lang='lat'>:</span> <span class='ocrx_word' id='word_1_427' title='bbox 991 1884 1037 1919; x_wconf 86' lang='lat' dir='ltr'>qui</span> <span class='ocrx_word' id='word_1_428' title='bbox 1053 1888 1183 1918; x_wconf 66' lang='lat' dir='ltr'>praeterea</span> <span class='ocrx_word' id='word_1_429' title='bbox 1198 1883 1328 1917; x_wconf 83' lang='lat' dir='ltr'>epistolas</span> <span class='ocrx_word' id='word_1_430' title='bbox 1341 1890 1354 1909; x_wconf 86' lang='lat' dir='ltr'>a</span> <span class='ocrx_word' id='word_1_431' title='bbox 1373 1883 1508 1917; x_wconf 79' lang='lat' dir='ltr'>Zacagnio</span> <span class='ocrx_word' id='word_1_432' title='bbox 1524 1882 1612 1909; x_wconf 78' lang='lat' dir='ltr'>editas</span> <span class='ocrx_word' id='word_1_433' title='bbox 1638 1889 1696 1908; x_wconf 79' lang='lat' dir='ltr'>cuni</span> 
     </span>
     <span class='ocr_line' id='line_1_67' title="bbox 903 1929 1696 1963; baseline -0.006 -6"><span class='ocrx_word' id='word_1_434' title='bbox 903 1931 997 1958; x_wconf 83' lang='lat' dir='ltr'>eodem</span> <span class='ocrx_word' id='word_1_435' title='bbox 1015 1931 1109 1956; x_wconf 83' lang='lat' dir='ltr'>codice</span> <span class='ocrx_word' id='word_1_436' title='bbox 1125 1929 1246 1956; x_wconf 86' lang='lat' dir='ltr'>Mediceo</span> <span class='ocrx_word' id='word_1_437' title='bbox 1274 1929 1445 1963; x_wconf 80' lang='lat' dir='ltr'>elegantibus</span> <span class='ocrx_word' id='word_1_438' title='bbox 1463 1929 1561 1956; x_wconf 80' lang='lat' dir='ltr'>litteris</span> <span class='ocrx_word' id='word_1_439' title='bbox 1584 1933 1696 1955; x_wconf 83' lang='lat' dir='ltr'>exarato</span> 
     </span>
     <span class='ocr_line' id='line_1_68' title="bbox 903 1974 1696 2011; baseline -0.003 -8"><span class='ocrx_word' id='word_1_440' title='bbox 903 1977 1031 2009; x_wconf 76' lang='lat' dir='ltr'>contulit,</span> <span class='ocrx_word' id='word_1_441' title='bbox 1060 1976 1239 2011; x_wconf 87' lang='lat' dir='ltr'>pluribusque</span> <span class='ocrx_word' id='word_1_442' title='bbox 1261 1976 1285 2002; x_wconf 90' lang='lat' dir='ltr'>in</span> <span class='ocrx_word' id='word_1_443' title='bbox 1316 1976 1384 2002; x_wconf 70' lang='lat' dir='ltr'>loeis</span> <span class='ocrx_word' id='word_1_444' title='bbox 1409 1975 1574 2003; x_wconf 77' lang='lat' dir='ltr'>emendarit.</span> <span class='ocrx_word' id='word_1_445' title='bbox 1599 1974 1696 2001; x_wconf 83' lang='lat' dir='ltr'>Nostra</span> 
     </span>
     <span class='ocr_line' id='line_1_69' title="bbox 903 2020 1695 2058; baseline -0.004 -9"><span class='ocrx_word' id='word_1_446' title='bbox 903 2023 994 2058; x_wconf 88' lang='lat' dir='ltr'>itaque</span> <span class='ocrx_word' id='word_1_447' title='bbox 1007 2023 1138 2050; x_wconf 81' lang='lat' dir='ltr'>interesse</span> <span class='ocrx_word' id='word_1_448' title='bbox 1153 2022 1292 2054; x_wconf 80' lang='lat' dir='ltr'>duximus,</span> <span class='ocrx_word' id='word_1_449' title='bbox 1311 2022 1361 2049; x_wconf 82' lang='lat' dir='ltr'>viri</span> <span class='ocrx_word' id='word_1_450' title='bbox 1380 2020 1695 2049; x_wconf 82' lang='lat' dir='ltr'>eruditissimiadnotata</span> 
     </span>
     <span class='ocr_line' id='line_1_70' title="bbox 903 2069 1696 2106; baseline -0.006 -8"><span class='ocrx_word' id='word_1_451' title='bbox 903 2071 1017 2106; x_wconf 78' lang='lat' dir='ltr'>singulis</span> <span class='ocrx_word' id='word_1_452' title='bbox 1033 2071 1170 2106; x_wconf 85' lang='lat' dir='ltr'>subjicere</span> <span class='ocrx_word' id='word_1_453' title='bbox 1197 2071 1332 2105; x_wconf 83' lang='lat' dir='ltr'>epistolis,</span> <span class='ocrx_word' id='word_1_454' title='bbox 1351 2077 1420 2104; x_wconf 83' lang='lat' dir='ltr'>quas</span> <span class='ocrx_word' id='word_1_455' title='bbox 1437 2074 1580 2105; x_wconf 85' lang='lat' dir='ltr'>propterea</span> <span class='ocrx_word' id='word_1_456' title='bbox 1610 2069 1696 2095; x_wconf 86' lang='lat' dir='ltr'>multo</span> 
     </span>
     <span class='ocr_line' id='line_1_71' title="bbox 902 2115 1694 2151; baseline -0.001 -8"><span class='ocrx_word' id='word_1_457' title='bbox 902 2117 1101 2144; x_wconf 85' lang='lat' dir='ltr'>emendatiores</span> <span class='ocrx_word' id='word_1_458' title='bbox 1127 2124 1209 2151; x_wconf 87' lang='lat' dir='ltr'>quam</span> <span class='ocrx_word' id='word_1_459' title='bbox 1229 2117 1254 2144; x_wconf 91' lang='lat' dir='ltr'>in</span> <span class='ocrx_word' id='word_1_460' title='bbox 1275 2116 1404 2151; x_wconf 78' lang='lat' dir='ltr'>zacagnii</span> <span class='ocrx_word' id='word_1_461' title='bbox 1424 2116 1497 2143; x_wconf 82' lang='lat' dir='ltr'>edito</span> <span class='ocrx_word' id='word_1_462' title='bbox 1522 2115 1694 2142; x_wconf 82' lang='lat' dir='ltr'>exhibemus.</span> 
     </span>
    </p>
   </div>
   <div class='ocr_carea' id='block_1_17' title="bbox 900 2185 1695 2542">
    <p class='ocr_par' dir='ltr' id='par_1_17' title="bbox 900 2185 1695 2542">
     <span class='ocr_line' id='line_1_72' title="bbox 937 2185 1695 2221; baseline -0.004 -8"><span class='ocrx_word' id='word_1_463' title='bbox 937 2186 969 2213; x_wconf 85' lang='lat' dir='ltr'>V.</span> <span class='ocrx_word' id='word_1_464' title='bbox 987 2186 1148 2218; x_wconf 77' lang='lat' dir='ltr'>Sermonem,</span> <span class='ocrx_word' id='word_1_465' title='bbox 1170 2194 1217 2214; x_wconf 87' lang='lat' dir='ltr'>seu</span> <span class='ocrx_word' id='word_1_466' title='bbox 1235 2186 1326 2221; x_wconf 88' lang='lat' dir='ltr'>potius</span> <span class='ocrx_word' id='word_1_467' title='bbox 1352 2186 1505 2220; x_wconf 63' lang='lat' dir='ltr'>epistolam,</span> <span class='ocrx_word' id='word_1_468' title='bbox 1536 2185 1572 2212; x_wconf 82' lang='lat' dir='ltr'>Dc</span> <span class='ocrx_word' id='word_1_469' title='bbox 1597 2185 1695 2211; x_wconf 69' lang='lat' dir='ltr'>diviui-</span> 
     </span>
     <span class='ocr_line' id='line_1_73' title="bbox 902 2230 1694 2267; baseline -0.003 -8"><span class='ocrx_word' id='word_1_470' title='bbox 902 2238 965 2265; x_wconf 75' lang='lat' dir='ltr'>tate,</span> <span class='ocrx_word' id='word_1_471' title='bbox 982 2233 1016 2259; x_wconf 81' lang='lat' dir='ltr'>ad</span> <span class='ocrx_word' id='word_1_472' title='bbox 1030 2232 1172 2267; x_wconf 69' lang='lat' dir='ltr'>Evaqrium</span> <span class='ocrx_word' id='word_1_473' title='bbox 1192 2232 1357 2262; x_wconf 80' lang='lat' dir='ltr'>monachum.</span> <span class='ocrx_word' id='word_1_474' title='bbox 1371 2240 1430 2266; x_wconf 77' lang='lat' dir='ltr'>quae</span> <span class='ocrx_word' id='word_1_475' title='bbox 1449 2232 1519 2258; x_wconf 86' lang='lat' dir='ltr'>inter</span> <span class='ocrx_word' id='word_1_476' title='bbox 1530 2230 1694 2258; x_wconf 81' lang='lat' dir='ltr'>Nazianzeni</span> 
     </span>
     <span class='ocr_line' id='line_1_74' title="bbox 900 2278 1694 2314; baseline -0.003 -8"><span class='ocrx_word' id='word_1_477' title='bbox 900 2287 981 2314; x_wconf 87' lang='lat' dir='ltr'>opera</span> <span class='ocrx_word' id='word_1_478' title='bbox 991 2278 1184 2306; x_wconf 79' lang='lat' dir='ltr'>circumfertur</span> <span class='ocrx_word' id='word_1_479' title='bbox 1196 2279 1263 2311; x_wconf 89' lang='grc'>(11),</span> <span class='ocrx_word' id='word_1_480' title='bbox 1274 2286 1334 2304; x_wconf 84' lang='lat' dir='ltr'>eum</span> <span class='ocrx_word' id='word_1_481' title='bbox 1348 2279 1466 2304; x_wconf 71' lang='lat' dir='ltr'>virorum</span> <span class='ocrx_word' id='word_1_482' title='bbox 1480 2278 1622 2305; x_wconf 89' lang='lat' dir='ltr'>doctorum</span> <span class='ocrx_word' id='word_1_483' title='bbox 1632 2286 1694 2304; x_wconf 88' lang='lat' dir='ltr'>sen-</span> 
     </span>
     <span class='ocr_line' id='line_1_75' title="bbox 900 2324 1692 2359; baseline -0.004 -7"><span class='ocrx_word' id='word_1_484' title='bbox 900 2326 1024 2358; x_wconf 85' lang='lat' dir='ltr'>tentiam,</span> <span class='ocrx_word' id='word_1_485' title='bbox 1042 2330 1096 2352; x_wconf 85' lang='lat' dir='ltr'>tum</span> <span class='ocrx_word' id='word_1_486' title='bbox 1112 2333 1178 2352; x_wconf 78' lang='lat' dir='ltr'>mss.</span> <span class='ocrx_word' id='word_1_487' title='bbox 1196 2325 1321 2352; x_wconf 83' lang='lat' dir='ltr'>codicum</span> <span class='ocrx_word' id='word_1_488' title='bbox 1334 2329 1512 2359; x_wconf 80' lang='lat' dir='ltr'>veterumque</span> <span class='ocrx_word' id='word_1_489' title='bbox 1527 2324 1692 2359; x_wconf 76' lang='lat' dir='ltr'>scriptorum</span> 
     </span>
     <span class='ocr_line' id='line_1_76' title="bbox 1263 2370 1692 2407; baseline -0.007 -9"><span class='ocrx_word' id='word_1_490' title='bbox 1263 2371 1386 2407; x_wconf 80' lang='lat' dir='ltr'>Nysscno</span> <span class='ocrx_word' id='word_1_491' title='bbox 1413 2371 1594 2398; x_wconf 69' lang='lat' dir='ltr'>vindicamus.</span> <span class='ocrx_word' id='word_1_492' title='bbox 1626 2370 1692 2396; x_wconf 86' lang='lat' dir='ltr'>Nam</span> 
     </span>
     <span class='ocr_line' id='line_1_77' title="bbox 903 2417 1694 2454; baseline -0.004 -8"><span class='ocrx_word' id='word_1_493' title='bbox 903 2423 1048 2454; x_wconf 85' lang='lat' dir='ltr'>utrumque</span> <span class='ocrx_word' id='word_1_494' title='bbox 1061 2418 1232 2454; x_wconf 72' lang='lat' dir='ltr'>Gmgorium,</span> <span class='ocrx_word' id='word_1_495' title='bbox 1264 2418 1438 2446; x_wconf 77' lang='lat' dir='ltr'>librariorum</span> <span class='ocrx_word' id='word_1_496' title='bbox 1464 2418 1521 2445; x_wconf 82' lang='lat' dir='ltr'>sive</span> <span class='ocrx_word' id='word_1_497' title='bbox 1547 2417 1619 2449; x_wconf 88' lang='lat' dir='ltr'>dolo,</span> <span class='ocrx_word' id='word_1_498' title='bbox 1636 2417 1694 2444; x_wconf 82' lang='lat' dir='ltr'>sive</span> 
     </span>
     <span class='ocr_line' id='line_1_78' title="bbox 901 2467 1691 2502; baseline -0.001 -9"><span class='ocrx_word' id='word_1_499' title='bbox 901 2468 1017 2499; x_wconf 85' lang='lat' dir='ltr'>incuria.</span> <span class='ocrx_word' id='word_1_500' title='bbox 1035 2475 1106 2502; x_wconf 72' lang='lat' dir='ltr'>srepe</span> <span class='ocrx_word' id='word_1_501' title='bbox 1133 2467 1218 2495; x_wconf 75' lang='lat' dir='ltr'>fuisse</span> <span class='ocrx_word' id='word_1_502' title='bbox 1244 2467 1373 2495; x_wconf 78' lang='lat' dir='ltr'>confusos</span> <span class='ocrx_word' id='word_1_503' title='bbox 1390 2467 1461 2494; x_wconf 92' lang='lat' dir='ltr'>haud</span> <span class='ocrx_word' id='word_1_504' title='bbox 1483 2471 1524 2494; x_wconf 88' lang='lat' dir='ltr'>est</span> <span class='ocrx_word' id='word_1_505' title='bbox 1539 2467 1691 2500; x_wconf 86' lang='lat' dir='ltr'>incomper-</span> 
     </span>
     <span class='ocr_line' id='line_1_79' title="bbox 901 2513 1690 2542; baseline -0.003 -1"><span class='ocrx_word' id='word_1_506' title='bbox 901 2520 969 2541; x_wconf 87' lang='lat' dir='ltr'>tum.</span> <span class='ocrx_word' id='word_1_507' title='bbox 984 2513 1111 2542; x_wconf 81' lang='lat' dir='ltr'>Petavius</span> <span class='ocrx_word' id='word_1_508' title='bbox 1140 2516 1280 2542; x_wconf 81' lang='lat' dir='ltr'>enimvero</span> <span class='ocrx_word' id='word_1_509' title='bbox 1294 2516 1334 2541; x_wconf 78' lang='lat' dir='ltr'>vir</span> <span class='ocrx_word' id='word_1_510' title='bbox 1347 2514 1525 2542; x_wconf 80' lang='lat' dir='ltr'>doctissimus</span> <span class='ocrx_word' id='word_1_511' title='bbox 1542 2515 1630 2540; x_wconf 87' lang='lat' dir='ltr'>locum</span> <span class='ocrx_word' id='word_1_512' title='bbox 1648 2521 1690 2540; x_wconf 88' lang='lat' dir='ltr'>rc-</span> 
     </span>
    </p>
   </div>
   <div class='ocr_carea' id='block_1_18' title="bbox 933 2581 1683 2830">
    <p class='ocr_par' dir='ltr' id='par_1_18' title="bbox 934 2581 1648 2651">
     <span class='ocr_line' id='line_1_80' title="bbox 934 2581 1648 2616; baseline 0.004 -9"><span class='ocrx_word' id='word_1_513' title='bbox 934 2581 971 2615; x_wconf 84' lang='lat'>(5)</span> <span class='ocrx_word' id='word_1_514' title='bbox 984 2581 1084 2607; x_wconf 81' lang='lat' dir='ltr'>Concil.</span> <span class='ocrx_word' id='word_1_515' title='bbox 1099 2585 1163 2608; x_wconf 85' lang='lat' dir='ltr'>tom.</span> <span class='ocrx_word' id='word_1_516' title='bbox 1182 2581 1234 2612; x_wconf 74' lang='lat' dir='ltr'>Vll.</span> <span class='ocrx_word' id='word_1_517' title='bbox 1250 2590 1309 2616; x_wconf 66' lang='lat' dir='ltr'>pag.</span> <span class='ocrx_word' id='word_1_518' title='bbox 1324 2582 1375 2608; x_wconf 71' lang='lat'>8-22</span> <span class='ocrx_word' id='word_1_519' title='bbox 1390 2582 1455 2608; x_wconf 65' lang='lat' dir='ltr'>ellit.</span> <span class='ocrx_word' id='word_1_520' title='bbox 1478 2581 1545 2609; x_wconf 77' lang='lat' dir='ltr'>Ven.</span> <span class='ocrx_word' id='word_1_521' title='bbox 1565 2581 1648 2610; x_wconf 83' lang='lat' dir='ltr'>Labb.</span> 
     </span>
     <span class='ocr_line' id='line_1_81' title="bbox 934 2616 1511 2651; baseline 0.002 -9"><span class='ocrx_word' id='word_1_522' title='bbox 934 2618 971 2648; x_wconf 73' lang='lat' dir='ltr'>(o)</span> <span class='ocrx_word' id='word_1_523' title='bbox 988 2616 1100 2651; x_wconf 83' lang='lat' dir='ltr'>Niceph.</span> <span class='ocrx_word' id='word_1_524' title='bbox 1117 2616 1187 2643; x_wconf 76' lang='lat' dir='ltr'>nisi.</span> <span class='ocrx_word' id='word_1_525' title='bbox 1202 2618 1264 2643; x_wconf 79' lang='lat' dir='ltr'>eccl.</span> <span class='ocrx_word' id='word_1_526' title='bbox 1281 2618 1326 2644; x_wconf 90' lang='lat' dir='ltr'>lib.</span> <span class='ocrx_word' id='word_1_527' title='bbox 1340 2626 1378 2648; x_wconf 79' lang='lat' dir='ltr'>xi,</span> <span class='ocrx_word' id='word_1_528' title='bbox 1393 2617 1511 2649; x_wconf 63' lang='lat' dir='ltr'>(tap.19.</span> 
     </span>
    </p>

    <p class='ocr_par' dir='ltr' id='par_1_19' title="bbox 933 2651 1527 2687">
     <span class='ocr_line' id='line_1_82' title="bbox 933 2651 1527 2687; baseline 0.002 -10"><span class='ocrx_word' id='word_1_529' title='bbox 933 2652 971 2686; x_wconf 78' lang='grc'>(7)</span> <span class='ocrx_word' id='word_1_530' title='bbox 991 2652 1107 2687; x_wconf 79' lang='lat' dir='ltr'>Zaeagn.</span> <span class='ocrx_word' id='word_1_531' title='bbox 1123 2651 1256 2687; x_wconf 72' lang='lat' dir='ltr'>Praesat.§</span> <span class='ocrx_word' id='word_1_532' title='bbox 1273 2653 1314 2683; x_wconf 77' lang='grc'>19,</span> <span class='ocrx_word' id='word_1_533' title='bbox 1329 2661 1389 2687; x_wconf 78' lang='lat' dir='ltr'>pag.</span> <span class='ocrx_word' id='word_1_534' title='bbox 1406 2653 1438 2679; x_wconf 81' lang='lat'>19</span> <span class='ocrx_word' id='word_1_535' title='bbox 1450 2660 1527 2686; x_wconf 81' lang='lat' dir='ltr'>seqq.</span> 
     </span>
    </p>

    <p class='ocr_par' dir='ltr' id='par_1_20' title="bbox 935 2687 1349 2722">
     <span class='ocr_line' id='line_1_83' title="bbox 935 2687 1349 2722; baseline 0.002 -9"><span class='ocrx_word' id='word_1_536' title='bbox 935 2688 973 2720; x_wconf 85' lang='lat'>(8)</span> <span class='ocrx_word' id='word_1_537' title='bbox 988 2687 1023 2713; x_wconf 77' lang='lat' dir='ltr'>hl.</span> <span class='ocrx_word' id='word_1_538' title='bbox 1044 2688 1060 2714; x_wconf 84' lang='lat' dir='ltr'>l.</span> <span class='ocrx_word' id='word_1_539' title='bbox 1077 2696 1111 2718; x_wconf 71' lang='lat' dir='ltr'>t..</span> <span class='ocrx_word' id='word_1_540' title='bbox 1131 2695 1208 2722; x_wconf 60' lang='lat' dir='ltr'>pagg.</span> <span class='ocrx_word' id='word_1_541' title='bbox 1223 2688 1349 2714; x_wconf 56' lang='lat' dir='ltr'>flag-25⁸5).</span> 
     </span>
    </p>

    <p class='ocr_par' dir='ltr' id='par_1_21' title="bbox 934 2723 1348 2758">
     <span class='ocr_line' id='line_1_84' title="bbox 934 2723 1348 2758; baseline 0.005 -11"><span class='ocrx_word' id='word_1_542' title='bbox 934 2723 972 2758; x_wconf 66' lang='grc' dir='ltr'>(τι)</span> <span class='ocrx_word' id='word_1_543' title='bbox 991 2723 1028 2748; x_wconf 62' lang='grc' dir='ltr'><strong>ιιι.</strong></span> <span class='ocrx_word' id='word_1_544' title='bbox 1050 2723 1067 2749; x_wconf 84' lang='grc' dir='ltr'><strong>ι.</strong></span> <span class='ocrx_word' id='word_1_545' title='bbox 1087 2731 1122 2754; x_wconf 76' lang='lat' dir='ltr'>c.,</span> <span class='ocrx_word' id='word_1_546' title='bbox 1141 2723 1153 2757; x_wconf 58' lang='grc' dir='ltr'>ς·</span> <span class='ocrx_word' id='word_1_547' title='bbox 1169 2723 1212 2755; x_wconf 77' lang='lat'>5¹,</span> <span class='ocrx_word' id='word_1_548' title='bbox 1227 2732 1287 2757; x_wconf 64' lang='lat' dir='ltr'>pag.</span> <span class='ocrx_word' id='word_1_549' title='bbox 1305 2724 1348 2750; x_wconf 72' lang='lat'>5⁸.</span> 
     </span>
    </p>

    <p class='ocr_par' dir='ltr' id='par_1_22' title="bbox 935 2757 1369 2792">
     <span class='ocr_line' id='line_1_85' title="bbox 935 2757 1369 2792; baseline 0.005 -9"><span class='ocrx_word' id='word_1_550' title='bbox 935 2758 989 2791; x_wconf 82' lang='grc'>(10)</span> <span class='ocrx_word' id='word_1_551' title='bbox 1004 2757 1041 2784; x_wconf 78' lang='lat' dir='ltr'>lu.</span> <span class='ocrx_word' id='word_1_552' title='bbox 1059 2759 1076 2784; x_wconf 89' lang='lat' dir='ltr'>l.</span> <span class='ocrx_word' id='word_1_553' title='bbox 1092 2767 1125 2789; x_wconf 59' lang='grc' dir='ltr'>Α,</span> <span class='ocrx_word' id='word_1_554' title='bbox 1145 2766 1221 2792; x_wconf 71' lang='lat' dir='ltr'>pagg.</span> <span class='ocrx_word' id='word_1_555' title='bbox 1239 2758 1369 2785; x_wconf 69' lang='lat'>550-5555.</span> 
     </span>
    </p>

    <p class='ocr_par' dir='ltr' id='par_1_23' title="bbox 936 2793 1683 2830">
     <span class='ocr_line' id='line_1_86' title="bbox 936 2793 1683 2830; baseline 0.001 -11"><span class='ocrx_word' id='word_1_556' title='bbox 936 2793 992 2827; x_wconf 90' lang='grc'>(11)</span> <span class='ocrx_word' id='word_1_557' title='bbox 1008 2793 1053 2820; x_wconf 85' lang='lat' dir='ltr'>Gr.</span> <span class='ocrx_word' id='word_1_558' title='bbox 1069 2793 1132 2820; x_wconf 64' lang='grc' dir='ltr'>ΝΜ.</span> <span class='ocrx_word' id='word_1_559' title='bbox 1149 2794 1225 2821; x_wconf 71' lang='lat' dir='ltr'>otas.</span> <span class='ocrx_word' id='word_1_560' title='bbox 1244 2802 1304 2826; x_wconf 63' lang='grc' dir='ltr'>ην,</span> <span class='ocrx_word' id='word_1_561' title='bbox 1324 2795 1391 2829; x_wconf 68' lang='lat' dir='ltr'>Opp.</span> <span class='ocrx_word' id='word_1_562' title='bbox 1409 2798 1429 2821; x_wconf 91' lang='lat' dir='ltr'>t.</span> <span class='ocrx_word' id='word_1_563' title='bbox 1446 2794 1466 2827; x_wconf 82' lang='lat' dir='ltr'>l,</span> <span class='ocrx_word' id='word_1_564' title='bbox 1495 2802 1520 2829; x_wconf 67' lang='grc' dir='ltr'>ιι.</span> <span class='ocrx_word' id='word_1_565' title='bbox 1540 2794 1591 2822; x_wconf 83' lang='lat'>717</span> <span class='ocrx_word' id='word_1_566' title='bbox 1609 2802 1683 2830; x_wconf 67' lang='lat' dir='ltr'>seqq.</span> 
     </span>
    </p>
   </div>
   <div class='ocr_carea' id='block_1_19' title="bbox 96 2865 987 2907">
    <p class='ocr_par' dir='ltr' id='par_1_24' title="bbox 96 2865 987 2907">
     <span class='ocr_line' id='line_1_87' title="bbox 96 2865 987 2907; baseline 0.008 -17"><span class='ocrx_word' id='word_1_567' title='bbox 96 2865 132 2899; x_wconf 82' lang='lat' dir='ltr'>(u)</span> <span class='ocrx_word' id='word_1_568' title='bbox 170 2865 286 2893; x_wconf 81' lang='lat' dir='ltr'>l’ctcrum</span> <span class='ocrx_word' id='word_1_569' title='bbox 309 2865 420 2893; x_wconf 76' lang='grc' dir='ltr'><strong>Ιάιιιιιιι</strong></span> <span class='ocrx_word' id='word_1_570' title='bbox 448 2866 620 2901; x_wconf 69' lang='lat' dir='ltr'>Bibliotheca,</span> <span class='ocrx_word' id='word_1_571' title='bbox 653 2867 696 2901; x_wconf 68' lang='lat' dir='ltr'>w,</span> <span class='ocrx_word' id='word_1_572' title='bbox 729 2867 834 2904; x_wconf 78' lang='lat' dir='ltr'>Prolcg.</span> <span class='ocrx_word' id='word_1_573' title='bbox 857 2878 987 2907; x_wconf 48' lang='grc' dir='ltr'><strong>(ηιξ-λιν.</strong></span> 
     </span>
    </p>
   </div>
  </div>
 </body>
</html>
