1840 3036
176 159 242 187 1-270
789 153 817 180 S.
840 152 1002 180 GttEGOtttt
1022 151 1166 179 NYSSENl
1734 152 1800 177 1230

174 215 351 242 cuumlmnlas
373 214 486 248 Nysseni
504 213 637 239 editiones
652 210 820 241 accedimus,
837 210 945 237 duobus
958 210 1045 236 adhuc
1065 210 1164 237 additis
1182 210 1249 236 tanti
1265 210 1353 236 Patris
1369 210 1530 238 tractatibus
1550 209 1693 245 dogmatici
1720 216 1800 243 gene-

174 263 221 293 ris,
242 269 310 294 quos
331 260 476 286 Vaticanus
496 259 580 285 codex
603 258 669 284 1906
686 257 876 292 bombycinus,
891 261 979 289 vetus,
999 259 1104 291 amplus
1120 261 1146 283 et
1166 256 1281 292 Nysseni
1298 264 1409 291 operum
1427 257 1534 290 plenus,
1565 257 1643 283 nohis
1673 255 1800 289 suppedi-

174 311 249 336 tavit.
266 312 331 342 Quae,
348 308 401 333 duo
417 307 517 341 scripta
534 313 597 331 cum
614 304 708 330 Guece
726 308 832 330 tantum
860 302 1086 337 festinanterque,
1103 303 1206 337 absque
1223 303 1276 329 ulla
1308 303 1500 333 declaratione.
1519 302 1570 329 sub
1600 302 1679 329 finem
1715 300 1801 327 nostri

174 357 338 390 scriptorum
355 359 476 381 veterum
495 351 643 378 voluminis
660 350 848 384 superioribus
862 349 941 375 annis
961 349 1191 383 impresscrimus,
1210 358 1293 381 nunc,
1311 349 1405 377 codice
1421 357 1518 376 rursus
1537 350 1669 383 inspecto,
1697 349 1801 376 mendis

173 402 299 431 sublatis,
315 399 456 435 particulis
472 397 618 431 suppletis,
638 395 863 429 interpretatione
890 398 984 420 nostra
1001 394 1097 421 Latina
1115 403 1176 421 cum
1196 395 1307 422 scholiis
1325 396 1428 429 aliquot
1457 395 1559 427 addita,
1578 394 1627 422 SS.
1654 395 1800 422 Bibliorum

173 453 252 473 ettam
272 445 436 472 testimoniis
449 443 553 473 citatis,
569 450 600 467 ex
620 442 694 467 ealce
709 440 781 466 illins
800 439 900 466 veteris
916 439 950 465 ad
968 438 1049 472 hujus
1065 439 1126 465 novi
1141 439 1287 466 voluminis
1303 444 1384 474 caput
1398 448 1568 466 revocamus.

210 492 239 519 ll.
261 492 292 519 Ut
308 496 397 518 autem
412 495 570 515 sermonum
587 487 682 512 horum
696 485 797 519 justam
816 484 916 510 tat-taut
947 483 1062 510 lectores
1079 483 1299 514 (estimationem,
1328 489 1457 516 mentem,
1473 492 1576 519 quaeso,
1594 488 1753 511 convertant
1770 483 1801 510 ad

172 548 203 566 ea
223 544 345 571 tempora
364 536 465 570 quibus
483 534 549 560 vixit
567 532 727 565 Gregorius,
745 531 909 556 Arianorum
926 529 1096 564 aliorumque
1114 530 1305 556 haereticorum
1329 530 1497 564 plenissima,
1527 531 1578 557 sub
1593 531 1702 557 Arianis
1719 531 1801 564 impe-

174 586 310 613 ratoribus
322 582 485 610 Constantio
511 585 592 615 atque
607 578 730 610 Valente,
746 578 791 612 qni
808 578 842 603 ob
859 576 1049 603 orthodoxiam
1071 576 1266 611 profligandam
1282 576 1462 611 haeresimque
1479 577 1646 604 teterrimam
1662 576 1802 603 stabilien-

173 635 233 659 dam
251 629 527 665 virespropemodum
542 627 640 654 summi
659 625 765 660 imperii
781 624 988 652 exhauriebant.
1003 624 1081 651 Tunc
1092 624 1125 650 ad
1142 628 1256 651 caeteras
1275 624 1400 651 miserias
1420 625 1537 652 accessit
1554 624 1654 659 impius
1675 623 1801 650 Macedo-

174 680 248 708 nins‚
265 678 310 711 qni
329 677 370 703 bis
387 678 520 709 occupata
539 672 687 708 Byzantina
702 672 776 705 sede,
795 671 872 698 virus
886 678 964 698 suum
981 671 1116 706 praecipue
1132 671 1264 698 adversus
1290 672 1378 698 sancti
1395 671 1512 706 Spiritus
1537 671 1656 698 divinam
1684 670 1802 705 dignita-

173 730 225 751 tem
244 723 349 750 ctiudit.
368 722 420 748 Sed
435 728 510 750 cccc.
527 727 626 754 magno
642 718 798 745 Theodosio
819 718 951 752 principe,
970 718 1306 752 Constantinopolitanum
1326 718 1443 751 primum
1462 718 1630 745 celebratum
1657 717 1708 744 tuit
1731 724 1804 743 anno

172 773 221 798 531
241 771 368 806 generale
384 769 545 799 concilium,
566 766 727 794 sedentibus
747 766 795 798 ibi,
826 767 898 792 inter
915 766 995 797 alios,
1014 766 1210 793 illustrissimis
1227 765 1355 792 Ecclesiae
1371 765 1496 793 Patribus
1511 771 1537 793 et
1555 766 1744 792 haereticorum
1760 765 1802 791 sui

173 818 301 852 temporis
314 817 433 847 inalleis‚
449 814 551 849 Cyrillo
572 813 830 847 hierosolymitano,
846 811 976 846 Gregorio
992 811 1126 846 Nysseno,
1156 811 1288 846 Gregorio
1315 810 1504 843 Nazianzeno,
1529 812 1725 846 Amptutoctuo
1745 811 1803 838 lco-

172 867 271 892 niensi.
286 865 363 891 Circa
382 865 426 891 illa
445 863 571 890 videlicet
590 866 724 896 tempora,
742 868 883 887 sermones
900 860 926 886 hi
949 859 1076 895 Nysscni‚
1095 864 1121 887 et
1146 862 1281 895 posterior
1309 862 1473 897 praesertirn,
1505 863 1654 897 conscripti
1682 862 1801 889 suerunt.

172 911 277 937 Etenim
295 911 371 946 prior
387 908 610 945 προσφωνητικός
627 907 737 942 quidam
755 906 863 933 videtur
877 905 910 932 ad
925 909 1030 932 certum
1047 906 1185 933 homiuem
1204 907 1318 940 missus,
1343 908 1401 935 sive
1420 908 1442 935 is
1461 908 1632 936 orthodoxus
1649 908 1730 935 suerit
1747 908 1804 934 sive

172 960 197 984 iu
215 959 333 986 hostium
353 959 452 985 castris
471 958 650 989 constitutus,
669 956 712 982 cui
730 955 790 982 Filii
805 955 977 982 divinitatem
993 959 1089 982 auctor
1103 957 1210 984 suadet.
1227 957 1294 984 Nam
1314 958 1464 993 propositis
1479 958 1531 985 sibi
1549 958 1607 984 Arii
1626 964 1658 984 ac
1678 954 1802 987 sabellii,

172 1005 378 1039 praesertimque
410 1003 519 1030 Achillii
548 1003 714 1028 Arianorum
734 1001 877 1036 praecipui,
894 1001 1097 1035 objectioni-bus
1123 1010 1156 1029 ex
1183 1002 1332 1038 Evangelio
1363 1004 1501 1039 Pauloque
1529 1003 1652 1039 apostolo
1676 1002 1802 1037 sumptis.

170 1051 297 1078 dissolvit
316 1058 363 1077 cas
382 1053 521 1083 peracute.
539 1048 657 1083 fideique
674 1048 817 1074 veritatem
835 1055 1044 1082 quaqueversus
1072 1049 1232 1075 communit.
1251 1050 1339 1084 Atque
1354 1051 1406 1078 hoc
1420 1052 1510 1079 statim
1527 1051 1614 1086 prima
1647 1051 1674 1077 in
1706 1048 1804 1083 pagina

171 1097 292 1123 notabile
310 1097 443 1127 occurrit,
461 1095 535 1130 qnod
551 1095 690 1130 Nysscnus
708 1095 746 1121 ait
759 1102 774 1121 a
789 1093 953 1122 Sabellianis
970 1094 1076 1122 Patrem
1094 1095 1197 1122 dietum
1218 1097 1379 1133 υἰοπάτορα,
1404 1099 1467 1133 quia
1481 1097 1680 1126 contundentes
1696 1095 1803 1122 Patrem

171 1153 231 1170 rum
249 1144 331 1177 Filio,
348 1145 391 1170 illa
411 1143 608 1170 vocabulorum
626 1142 820 1176 conjunctione
836 1150 920 1170 unum
936 1142 1117 1176 eumdemque
1136 1142 1245 1170 Patrem
1263 1151 1324 1171 esse
1338 1152 1370 1172 ac
1386 1144 1483 1172 Filium
1511 1145 1689 1172 denotabant.
1710 1142 1805 1176 Neque

170 1202 183 1217 a
204 1200 232 1217 se
248 1192 373 1217 dissentit
391 1191 532 1225 Nyssenus
550 1190 575 1215 in
595 1189 672 1216 Orat.
700 1188 731 1215 ΙΙ
750 1195 844 1216 contra
861 1189 1021 1215 Ειιηοιιιίιιιιι
1038 1192 1058 1215 t.
1076 1188 1106 1220 ll,
1123 1196 1150 1223 p.
1170 1188 1233 1220 755,
1248 1190 1294 1216 ubi
1326 1190 1383 1217 ait:
1409 1190 1462 1224 Qui
1491 1191 1655 1218 vocabulum
1671 1188 1733 1215 Filii
1750 1195 1803 1214 non

169 1239 203 1265 ad
220 1246 372 1272 personam,
384 1237 431 1265 scd
447 1237 481 1263 ad
494 1243 620 1263 naturam
641 1236 786 1270 referrent,
801 1244 849 1264 eos
863 1236 890 1262 in
909 1236 1101 1263 haereticorum
1124 1243 1247 1263 errorem
1271 1237 1431 1265 incursuros
1446 1237 1493 1272 qui
1518 1238 1647 1265 dicuntur
1667 1236 1805 1271 Hyopato-

174 1296 230 1314 res.
250 1286 385 1313 Nimirum
398 1285 461 1319 quia
476 1293 538 1312 cum
557 1285 593 1312 sit
610 1293 664 1312 una
677 1285 767 1312 Patris
782 1284 899 1319 Filiique
921 1287 1030 1315 natura,
1049 1283 1105 1318 jam
1126 1284 1267 1311 distinctio
1284 1292 1463 1319 personarum
1480 1285 1555 1312 nulla
1580 1283 1725 1318 supererit.
1743 1281 1805 1308 Cla-

171 1336 229 1361 rius
243 1334 332 1359 adime
350 1333 469 1367 Cyrillus
484 1332 510 1358 in
528 1329 611 1358 Joan.
633 1339 693 1366 cap,
712 1339 772 1362 vin,
793 1339 819 1365 p.
832 1331 905 1358 2⁷15:
922 1331 998 1357 Alius
1012 1334 1050 1357 est
1064 1329 1147 1356 Pater
1162 1329 1271 1363 aFttto,
1288 1339 1334 1358 nec
1348 1337 1376 1359 ut
1391 1330 1551 1366 quibusdam
1569 1328 1706 1357 ineruditis
1720 1329 1804 1355 visum

169 1386 206 1406 est
226 1380 366 1412 ltu-reticis,
388 1378 537 1413 Hyiopator
563 1386 607 1404 seu
622 1376 771 1412 Filiopater
793 1377 956 1403 inducendus
977 1381 1026 1403 est.
1049 1376 1114 1403 ltem
1134 1384 1223 1403 canon
1235 1384 1272 1402 vit
1287 1374 1805 1411 Constantinopolitano&sabellianos

169 1428 215 1462 qui
235 1427 434 1462 liyiopatoriam
450 1426 560 1457 docent,
578 1430 632 1453 etc.
647 1426 767 1460 Denique
783 1425 946 1451 Ammonius
962 1424 990 1450 in
1009 1423 1110 1450 Calena
1126 1424 1160 1449 acl
1172 1423 1269 1450 Jotntm
1284 1430 1301 1454 t,
1314 1422 1325 1448 1
1340 1429 1347 1449 ε
1362 1423 1484 1455 Sabettit,
1506 1424 1604 1458 inquit,
1622 1422 1742 1449 heresim
1760 1429 1804 1456 per

170 1477 216 1502 hoc
227 1476 328 1507 evertit,
347 1475 435 1502 Patris
455 1483 484 1500 ac
500 1473 566 1500 Filii
588 1474 751 1508 hypostasim
776 1473 917 1507 desiqnans
933 1479 941 1503 ;
957 1480 1008 1497 non
1035 1471 1105 1497 enim
1121 1470 1317 1505 hyiopatoriam
1344 1470 1464 1498 Ecclesia
1481 1471 1610 1497 admittit.
1637 1470 1732 1497 Refert
1748 1469 1805 1495 haee

170 1525 261 1550 onmia
278 1522 444 1551 testimonia,
462 1529 531 1547 novo
548 1525 643 1547 nostro
660 1524 794 1553 excepto,
815 1518 959 1549 Suicerus,
977 1516 1023 1550 qui
1043 1521 1134 1543 tamen
1150 1524 1164 1542 a
1184 1516 1308 1551 Nysseuo
1320 1517 1459 1550 dissentit,
1476 1525 1509 1543 ac
1526 1517 1639 1548 fallitur,
1659 1517 1721 1543 dum
1736 1514 1805 1542 Filio

170 1569 261 1602 potius
279 1576 360 1602 quam
384 1566 456 1593 Patri
474 1566 567 1592 datum
588 1565 762 1599 llyiopatorts
786 1571 885 1590 nomen
907 1570 922 1589 a
939 1562 1102 1588 Sabellianis
1121 1565 1207 1596 putat.
1228 1561 1338 1589 Etenim
1366 1567 1463 1597 proeter
1492 1569 1572 1597 quam
1600 1562 1671 1597 quod
1688 1561 1804 1597 Nysscni

169 1616 318 1641 auctoritas
344 1614 489 1648 perspicua
512 1617 553 1640 est
566 1634 572 1645 ,
599 1611 772 1638 Sabellianos
799 1610 899 1636 Filium
928 1617 983 1636 non
1009 1608 1167 1640 admisisse,
1201 1608 1248 1636 sed
1276 1609 1384 1636 Patrem
1407 1609 1608 1642 tantuuunodo,
1634 1609 1803 1643 exploratum

169 1662 280 1688 aliunde
297 1664 349 1687 est.
369 1660 562 1687 Verumtamen
587 1660 673 1684 multo
696 1658 807 1693 gravius
827 1664 908 1691 quam
926 1656 1057 1682 Suicerus
1079 1655 1137 1682 salli
1155 1656 1222 1683 mihi
1235 1656 1354 1683 Allatius
1380 1656 1488 1683 videtur
1518 1655 1615 1691 (cujus
1640 1655 1803 1682 emendandi

169 1716 262 1738 causa,
281 1708 302 1733 si
320 1707 370 1733 hoc
389 1707 415 1732 in
436 1710 542 1732 tantum
568 1705 657 1731 virum
674 1704 735 1731 licet
752 1703 869 1734 audere,
889 1701 1032 1736 superiora
1062 1701 1221 1728 testimonia
1250 1701 1407 1735 invocavi.)
1424 1701 1449 1728 ls
1465 1701 1537 1727 enim
1563 1706 1654 1727 contra
1679 1699 1801 1734 Creyaltt.

168 1756 285 1783 exercit.
308 1755 350 1786 ¹0,
370 1755 395 1780 in
413 1758 575 1788 argumento
591 1761 614 1787 p.
639 1752 699 1781 105,
718 1750 904 1777 deliniendum
925 1749 977 1776 sibi
996 1748 1124 1783 proponit
1138 1756 1198 1783 qua?
1213 1747 1434 1782 εἰιυῐΰπατορίας
1462 1747 1584 1775 haercsis.
1614 1746 1680 1773 'l'um
1709 1754 1735 1781 p.
1752 1746 1803 1774 180

170 1805 205 1830 ita
227 1803 344 1830 scribit:
363 1802 416 1828 Sub
439 1801 548 1827 Damasi
564 1805 664 1834 papatu
679 1803 773 1825 arona
790 1798 898 1824 tum-esis
913 1802 963 1827 est,
980 1797 1033 1822 sire
1048 1795 1080 1821 ab
1095 1795 1202 1821 Arianis
1219 1795 1403 1826 disseminata,
1419 1794 1472 1820 sive
1495 1793 1527 1819 ab
1552 1792 1611 1819 attis
1638 1797 1727 1823 enata,
1745 1799 1803 1826 quae

169 1853 207 1877 uti
224 1850 329 1876 Patrem
347 1849 423 1880 Fitu',
443 1850 478 1875 ita
498 1847 598 1874 Filium
617 1847 733 1880 Spiritus
749 1846 834 1872 sancti
851 1845 994 1879 genitorem
1011 1843 1200 1870 asseverabat:
1219 1844 1306 1877 sicque
1326 1843 1391 1868 daos
1412 1842 1482 1875 filios
1499 1841 1525 1867 in
1548 1840 1678 1867 Trt‘ttitate
1703 1840 1801 1866 substi-

169 1899 268 1929 tuebat,
289 1898 387 1924 Filiam
407 1902 430 1923 et
449 1897 578 1930 Spiritum
596 1899 717 1921 sanctam
731 1903 740 1926 ;
754 1898 778 1920 et
794 1893 860 1920 (litos
884 1897 984 1927 patres,
1002 1893 1111 1918 Patrem
1126 1900 1156 1919 ac
1174 1891 1284 1918 Filiam.
1302 1891 1334 1916 Et
1351 1898 1447 1918 rursus
1463 1897 1490 1924 p.
1507 1889 1574 1916 187:
1601 1889 1727 1915 Auctores
1741 1897 1802 1923 erqo

169 1947 343 1980 pfortzssopt'zg
358 1946 477 1979 afflictari
491 1944 622 1977 Spiritum
637 1952 651 1969 a
668 1942 760 1974 Ftti0,·
776 1942 886 1976 ideoque
904 1940 1021 1971 fitium,
1040 1940 1157 1973 Spiritus
1181 1939 1289 1966 Patrem
1309 1939 1480 1970 asserebant,·
1510 1942 1534 1965 ct
1564 1937 1612 1964 ltac
1639 1945 1666 1964 re
1693 1936 1758 1963 duos
1774 1938 1801 1963 iu

172 1995 413 2028 '1'1·i11itatepatres,
434 1992 541 2018 Patrem
556 1992 711 2026 inqenitam,
735 1995 759 2016 ct
780 1989 883 2015 Filiam
901 1989 1018 2023 qenitum
1039 1987 1261 2018 intradttcebant;
1289 1991 1313 2013 ct
1338 1987 1403 2012 duos
1420 1986 1500 2019 filios,
1516 1981 1632 2011 'Fitizmz
1664 1985 1761 2011 scilicet
1776 1990 1800 2011 et

170 2044 300 2076 Spiritwn
317 2047 448 2068 sanctum.
465 2040 542 2072 Falli,
563 2041 686 2074 inquam,
706 2039 771 2065 mihi
790 2037 897 2064 ridetur
910 2036 1046 2068 Allatius;
1067 2044 1130 2062 nam
1147 2035 1284 2070 praedictis
1304 2035 1330 2061 in
1351 2034 1516 2061 testimoniis
1531 2040 1669 2067 nunquam
1686 2032 1718 2059 tle
1739 2032 1802 2067 Spi-

170 2092 222 2117 ritu
242 2094 336 2117 sancto
352 2090 456 2122 agitur,
479 2096 617 2122 nunquam
637 2086 768 2121 quaerssur
791 2089 881 2111 utrum
906 2083 1025 2117 Spiritus
1052 2086 1164 2109 sanetus
1189 2081 1250 2108 Filii
1278 2083 1312 2108 sit
1333 2080 1428 2107 Filius.
1456 2080 1539 2114 igitur
1557 2079 1727 2115 liyiopatoria
1745 2085 1800 2105 non

171 2137 297 2162 dieitur-a
310 2135 446 2169 praedictis
461 2135 547 2161 sacris
561 2132 721 2159 auctoribus
742 2131 776 2158 de
797 2130 867 2156 Filio
887 2134 1018 2163 tanquam
1040 2128 1173 2163 Spiritum
1203 2131 1329 2154 sanctum
1347 2127 1484 2161 gignente,
1505 2125 1552 2152 sed
1580 2129 1686 2152 tantmn
1704 2125 1738 2151 de
1757 2132 1800 2152 er-

172 2192 233 2209 rore
250 2183 362 2209 Sabellii
380 2183 426 2217 qui
446 2187 475 2208 ut
490 2182 588 2208 Filium
608 2189 670 2207 cum
692 2179 772 2206 Patre
787 2177 979 2209 confunderet,
996 2176 1102 2203 Patrem
1120 2177 1255 2211 copulatis
1275 2175 1416 2202 vocabulis
1433 2173 1581 2209 υἱοπάτῡρα
1613 2173 1798 2207 nuncupabat.

170 2230 247 2261 Quod
264 2231 285 2256 si
305 2229 401 2256 lueresi
420 2237 433 2255 a
450 2229 566 2255 Damaso
579 2228 714 2254 danmatae
735 2218 836 2260 (Labb.
850 2224 953 2251 Concit.
975 2227 996 2250 t.
1009 2223 1041 2255 ll,
1059 2232 1086 2258 p.
1098 2223 1150 2250 895
1162 2227 1188 2250 ct
1203 2223 1265 2257 901)
1278 2222 1454 2256 hyiopatoria:
1469 2228 1570 2247 nomen
1588 2220 1728 2253 imponere
1741 2219 1799 2245 vult

171 2277 300 2308 Albitius,
318 2277 340 2303 is
357 2281 431 2303 certe
451 2276 604 2303 secundum
621 2274 750 2309 Nysscni,
768 2272 875 2308 cyrilti,
886 2272 1057 2305 aliorumque
1071 2276 1188 2297 mentem
1204 2278 1258 2296 non
1276 2270 1397 2304 loquitur
1413 2276 1420 2301 ;
1436 2267 1507 2303 apud
1521 2275 1590 2302 quos
1602 2267 1744 2301 hyiopator
1758 2271 1800 2293 est

172 2323 250 2349 l'atcr
268 2331 331 2349 cum
350 2322 420 2348 l'ilio
438 2321 581 2353 confusus,
599 2329 653 2348 non
672 2320 759 2346 Filius
777 2319 895 2354 Spiritus
912 2317 1000 2345 sancti
1017 2322 1104 2352 pater.
1122 2315 1315 2343 Verumtamen
1334 2314 1432 2342 dehac
1455 2313 1580 2340 vocabuli
1600 2312 1797 2344 controversia,

171 2371 325 2396 doctiorum
343 2369 560 2404 estojudicium.

207 2416 251 2442 tlt.
272 2415 410 2441 Posterior
425 2415 610 2450 prolixiorque
625 2412 743 2448 Nysseni
759 2419 849 2439 sermo
874 2410 994 2445 Spiritus
1011 2410 1101 2437 sancti
1118 2409 1301 2444 majestatem,
1315 2412 1341 2435 ct
1359 2415 1420 2435 cum
1443 2406 1525 2433 Patre
1555 2406 1678 2440 Filioque
1705 2412 1798 2439 :equa-

173 2464 285 2492 litatem,
303 2462 434 2488 adv-*rsus
453 2460 662 2487 illacedonianos
680 2463 772 2485 tuetur
787 2467 794 2491 3
811 2458 928 2491 obJectis
945 2457 997 2484 sibi
1019 2456 1203 2489 relutatisque
1226 2453 1538 2481 Pneumatomachorum
1564 2451 1747 2486 argumentis.
1771 2456 1797 2477 et

173 2511 282 2542 insuper
299 2509 332 2534 de
348 2516 398 2534 suo
414 2507 514 2533 additis
532 2506 623 2541 gravis
638 2505 768 2539 ponderis
786 2503 1053 2531 confirmationibus.
1070 2502 1130 2528 jam
1148 2508 1213 2528 vero
1228 2499 1341 2527 secundi
1355 2500 1438 2533 hujus
1455 2498 1590 2525 sermonis
1606 2497 1718 2533 contigit
1731 2497 1797 2525 mihi

166 2559 194 2580 nt
212 2555 366 2581 testimonia
379 2561 488 2587 quoque
500 2553 674 2586 antiquorum
697 2550 886 2580 nanciscerer,
908 2556 968 2582 qnae
983 2555 1009 2582 p.
1028 2547 1062 2572 20
1077 2546 1138 2580 (cot.
1157 2545 1237 2579 1507)
1250 2545 1278 2571 in
1292 2544 1402 2571 scholio
1417 2544 1542 2578 exposui.
1553 2543 1586 2570 Et
1609 2543 1682 2578 quod
1697 2543 1805 2570 adAlla·

167 2600 234 2626 tium
251 2601 347 2627 attinet
362 2599 397 2626 ibi
412 2599 511 2633 pariter
522 2606 535 2624 a
554 2606 595 2624 me
606 2598 754 2629 laudatum,
765 2597 883 2623 lectores
893 2600 1002 2624 moneo,
1014 2591 1201 2619 testimonium
1216 2590 1287 2617 idem
1304 2590 1338 2617 ab
1357 2597 1390 2616 eo
1405 2589 1491 2624 repeti
1510 2589 1535 2616 in
1548 2588 1645 2623 synodi
1658 2589 1803 2623 Ephesinzo

179 2645 308 2671 vuum-tis
326 2653 385 2679 cap.
401 2644 444 2670 70.
467 2645 556 2678 Atque
575 2648 603 2669 ut
618 2644 703 2677 septis
720 2644 825 2670 nostris
841 2642 922 2677 paulo
938 2640 1116 2670 excedamus,
1136 2641 1231 2665 narrat
1255 2636 1338 2663 etiam
1358 2633 1508 2660 Bandinius
1538 2630 1564 2657 in
1585 2629 1714 2663 Catalogo
1741 2629 1798 2655 Bib.

178 2691 258 2716 laur.
274 2691 320 2717 Gr.
338 2695 358 2717 t.
376 2690 418 2721 lll,
437 2699 462 2724 p.
475 2690 538 2721 zat,
555 2693 658 2720 narrat,
684 2690 807 2723 inquam,
827 2689 854 2715 in
874 2688 995 2714 llledicco
1012 2686 1105 2712 codice
1117 2689 1224 2715 octavo,
1242 2682 1315 2708 Plut.
1333 2680 1377 2712 86,
1392 2679 1461 2706 inter
1478 2677 1552 2704 varia
1569 2676 1680 2703 l'atrum
1706 2683 1799 2702 excer-

179 2740 221 2769 pta
248 2736 297 2769 tegi
318 2736 398 2761 ctiam
412 2735 532 2769 Greyarii
548 2734 662 2768 Nyssent'
680 2735 859 2768 [mamertium
873 2741 905 2760 eat
921 2733 1039 2759 oratione
1056 2731 1086 2757 (lc
1103 2730 1205 2763 Spiritu
1218 2732 1310 2754 sancto
1333 2729 1426 2752 contra
1453 2722 1670 2750 ttlacectonianos.
1688 2720 1756 2746 Num
1775 2719 1800 2748 id

179 2791 199 2805 x:
212 2790 240 2805 io
255 2782 279 2806 in
294 2782 404 2806 ‹itatum
425 2782 458 2807 ab
479 2781 538 2806 aliis
554 2780 656 2807 Gra-cis
671 2780 717 2813 (ut
732 2779 758 2804 in
776 2779 840 2806 adn.
859 2782 952 2804 nostra
967 2782 974 2811 )
995 2777 1108 2808 incidat,
1125 2784 1159 2802 an
1176 2775 1313 2802 diversum
1331 2771 1376 2801 sit,
1396 2769 1522 2804 equidem
1539 2769 1597 2795 sine
1618 2767 1722 2794 codicis
1737 2765 1796 2792 Flo-

179 2836 195 2852 ι1
210 2828 276 2853 imm
294 2828 462 2861 impl—ttione-
491 2827 602 2854 delinire
627 2835 743 2860 nequeo.
768 2826 819 2851 Sed
836 2825 942 2851 etiarnsi
959 2824 984 2850 id
1001 2824 1070 2850 torte
1085 2823 1186 2849 nostris
1206 2822 1231 2848 in
1248 2819 1354 2855 paginis
1367 2827 1420 2847 nen
1435 2819 1580 2853 legeretur,
1608 2815 1684 2843 locus
1711 2815 1735 2841 ei
1756 2821 1798 2841 su-

213 2878 265 2900 !le
286 2875 310 2899 'tn
329 2875 359 2900 la·
373 2882 423 2900 una
446 2883 470 2900 in
494 2882 574 2907 quam
595 2873 662 2899 vui«
676 2873 716 2899 uu
736 2881 868 2899 scrineolis
888 2871 947 2898 linis
968 2871 1140 2903 demergitur.
