1840 3036
196 93 265 121 1233

831 90 859 117 S.
880 89 1043 118 GnEGonn
1064 90 1208 118 NYSSENl

1760 89 1824 116 ¹282

196 153 322 186 quadam,
348 151 469 178 humano
492 157 567 177 more
594 149 692 177 Filium
719 150 873 181 nominari;
899 157 985 184 neque
1000 153 1020 181 Α
1039 150 1163 185 μάζεται,
1177 152 1271 186 ὥσπερ
1283 153 1372 187 ἡμεῖς,
1386 154 1457 186 Υἱός·
1474 154 1520 180 καὶ
1532 155 1572 180 ὄτι
1584 153 1633 180 οὐκ
1646 153 1713 189 ἔχων
1727 154 1822 188 ἀρχὴν,

196 207 256 225 cum
278 198 406 224 habuisse
425 197 544 227 initium,
563 196 754 222 sedrctcrnum
775 203 855 227 csse;
869 195 985 229 ideoque

197 252 244 278 per
258 243 363 270 intinita
381 243 480 269 saecula
500 242 526 268 in
545 242 654 276 propria
671 242 814 276 hypostasi
831 248 892 268 cum
905 240 985 269 Patre

197 294 384 323 regnaturum.
519 314 523 318 ,

231 336 258 362 2,
279 335 359 369 Atqui
377 334 449 361 (lieet
467 333 584 360 sortasse
607 333 707 368 aliquis
721 343 726 360 :
740 333 826 361 Omne
845 334 917 369 quod
934 335 985 361 ini—

197 381 235 407 tio
252 385 336 412 carel,
355 381 406 407 erit
423 380 487 406 item
507 379 668 413 ingenitum.
690 379 832 411 Quomodo
853 388 917 414 ergo
939 379 984 406 Fi-

197 428 250 454 lius
271 431 344 453 recte
368 425 476 452 dicetur
502 433 562 452 esse
583 425 686 460 absque
715 425 812 457 initio,
838 425 917 458 cujus
943 425 985 452 vel

197 473 284 507 ipsum
304 479 401 498 nomen
422 471 530 497 initium
552 471 746 497 demonstrat?
763 470 831 497 Nam
852 470 938 498 Filius
952 479 985 497 ex

195 528 227 545 eo
243 518 315 553 quod
331 519 365 544 sit
386 517 674 552 genitusnominatur.
699 516 777 549 Quod
797 521 885 543 autem
904 525 985 551 gene-

197 566 265 591 ratio
281 565 421 591 notionem
445 564 514 590 initii
536 564 687 594 contineat,
707 570 788 589 nemo
814 562 932 597 negabit.
956 562 984 588 Si

195 620 260 645 ergo
277 610 362 637 Filius
380 614 432 641 est,
445 610 499 644 jam
513 610 592 636 nobis
610 613 718 636 constat
738 617 799 636 eum
815 617 847 636 ex
872 616 985 643 genera-

201 658 275 684 tione
295 657 402 683 initium
420 664 481 682 esse
499 656 626 682 sortitum
641 665 646 681 :
667 660 693 682 et
714 655 831 681 sortasse
847 654 928 681 etiam
955 654 985 681 li-

196 710 256 728 nem
277 709 337 728 esse
357 701 533 731 habiturum,
555 699 625 726 dicet
642 699 740 734 aliquis
769 698 984 733 philosophicam

195 747 329 773 rationem
344 751 464 772 secutus.
479 745 549 777 Quin
571 744 638 771 adeo
658 744 804 778 Apostolus
822 743 878 770 aitss
897 743 984 777 ipsum

197 794 253 819 l'ore
280 793 433 826 subjectum
460 791 498 818 illi
528 791 575 825 qui
603 790 690 817 eidem
725 794 825 817 cuncta
856 790 983 824 subjecit,

195 839 323 873 Patrique
337 838 390 865 Deo
410 845 524 872 regnum
547 837 732 863 traditurum:
752 835 929 871 quamobrem
942 843 985 862 ar·
1001 852 1021 879 Β

195 886 290 913 bitrari
308 885 370 912 lieet
390 885 478 918 ipsum
505 884 577 910 haud
611 884 751 910 exstitisse
775 886 922 916 antequam
945 881 985 916 gi-

195 936 335 967 gneretur,
354 938 507 964 rursusque
522 930 548 956 in
566 930 681 956 nihilum
699 929 756 956 sore
767 929 983 956 dissolvendum.

194 978 302 1013 Agesis,
327 985 434 1004 meeum
454 976 609 1003 conscende
630 976 656 1002 in
683 979 769 1002 tutam
792 975 855 1002 lidei
881 983 982 1006 arcem,

196 1033 240 1056 ne,
262 1024 342 1059 quasi
360 1024 481 1051 violento
502 1023 565 1049 flatu
581 1022 615 1049 ab
643 1022 740 1049 horum
760 1026 983 1057 argumentorum

195 1071 289 1097 l'raude
301 1070 441 1104 abreptus,
456 1068 577 1103 pulveris
590 1069 677 1095 instar
693 1076 774 1102 quem
788 1073 885 1096 ventus
901 1068 982 1103 rapit.

193 1121 271 1144 extra
300 1120 444 1151 angustam
476 1120 634 1149 rectamque
666 1114 739 1140 viam
769 1114 796 1140 in
822 1114 983 1149 perditionis

194 1162 326 1189 barathra
343 1161 507 1196 projiciaris.
523 1160 590 1187 Nam
615 1161 638 1187 si
661 1160 825 1187 universalis
843 1159 923 1186 Pater
941 1160 983 1186 in-

193 1209 301 1243 genitus
332 1212 374 1235 est
396 1211 423 1234 et
448 1213 579 1237 moruus,
600 1206 712 1240 sapiens
731 1210 893 1240 potensque,
908 1206 983 1240 Apo-

193 1255 281 1282 stolus
313 1258 422 1286 autem,
443 1253 508 1280 dum
541 1253 620 1279 iidem
646 1260 709 1287 erga
739 1251 831 1279 Jesum
864 1253 982 1283 nuntiat,

193 1301 283 1334 ipsum
304 1300 431 1327 omnibus
449 1300 578 1334 praedicat
594 1306 644 1325 ceu
664 1298 804 1325 Christum
830 1298 878 1325 Dei
898 1298 983 1325 virtu-

192 1351 246 1373 tem
267 1350 292 1373 et
314 1346 359 1373 Dei
390 1346 555 1379 sapientiam
569 1345 590 1377 ³,
614 1344 753 1379 quomodo
783 1344 885 1371 audent
912 1348 982 1371 tem-

192 1392 268 1427 poris
285 1391 419 1419 limitibus
436 1391 601 1418 concludere
623 1390 746 1425 ejusdem
765 1390 982 1425 generationem,

193 1428 282 1473 neque
298 1442 428 1464 aeternam
448 1441 475 1464 et
487 1437 591 1471 absque
604 1436 683 1463 initio
704 1435 852 1470 reputare?
871 1434 938 1461 Nam
960 1435 982 1461 si

192 1483 343 1510 secundum
363 1482 559 1509 nonnullorum
578 1481 735 1516 opinionem
747 1480 837 1514 spatio
851 1479 982 1514 temporis

1038 196 1106 223 ἀλλὰ
1125 197 1226 227 ἀΐδιος·
1257 197 1301 223 διὰ
1326 198 1404 224 τοῦτο
1428 199 1475 225 καὶ
1491 200 1519 225 ἐν
1543 199 1730 234 ἀτελευτήτοις
1745 200 1825 227 αίῶσι

1037 242 1096 269 κατ’
1111 242 1178 269 ἰδίαν
1191 243 1337 270 ὑπόστασιν
1352 244 1560 278 σνμὸασιλεὺσει
1571 245 1609 280 τῷ
1621 245 1718 281 Πατρί.

1073 330 1105 364 β’.
1129 330 1198 356 Ἀλλ’
1216 330 1280 362 ἴσως
1299 332 1368 358 εἴποι
1384 340 1425 364 τις
1442 332 1473 359 ἄν
1488 341 1495 348 ·
1517 333 1573 359 Πᾶν
1588 334 1618 360 τὸ
1637 334 1763 370 ἄναρχον,
1779 335 1825 361 καὶ

1037 377 1183 411 ἀγέννητον
1194 377 1226 403 ἂν
1244 377 1301 412 εἴη’
1319 378 1377 408 πῶς
1401 378 1414 404 ὁ
1433 378 1495 409 Υἱὸς
1518 379 1629 409 εἰκότως
1644 381 1676 407 ἂν
1691 389 1824 415 προσαγο-

1038 423 1141 458 ρεύοιτο
1168 423 1299 458 ἄναρχος,
1326 420 1357 450 οὗ
1381 424 1427 450 καὶ
1456 424 1574 460 τοῦνομα
1604 425 1721 460 ἔμφασιν
1739 427 1825 462 ἀρχῆς

1037 468 1091 503 ἔχει
1105 478 1112 501 ;
1131 469 1195 500 Υἱὸς
1209 469 1262 504 γὰρ
1274 470 1305 495 ὲκ
1319 469 1365 495 τοῦ
1385 470 1551 504 γεγενῆσθαι
1567 471 1733 505 ὠνόμασται.
1748 472 1825 497 Γένε-

1038 523 1078 546 σις
1091 515 1119 541 δὲ
1141 516 1181 541 ’ὁτι
1210 516 1254 541 ὑπ’
1281 517 1350 550 ἀρχῇ
1379 516 1585 549 ὑποπέπτωκεν,
1607 518 1655 543 οὐκ
1673 518 1703 544 ἄν
1720 527 1760 549 τις
1778 519 1824 544 ἀν-

1038 561 1140 596 ᾑναιτο.
1158 562 1189 587 Εἰ
1211 559 1256 588 οὖν
1279 562 1343 593 Υἱὸς
1358 562 1495 596 τυγχάνει,
1509 563 1634 597 δηλοῦται
1650 565 1715 598 ἡμῖν
1734 564 1764 589 ἐκ
1776 564 1825 598 τῆς

1036 607 1187 640 γεννήσεως
1212 607 1298 641 ἀρχὴν
1325 607 1458 642 εἰληφώς·
1475 608 1539 639 ἴσως
1558 608 1585 633 δὲ
1601 608 1646 634 καὶ
1665 609 1740 639 τέλος
1759 609 1823 641 ἕξει,

1036 652 1107 678 εἴποι
1119 661 1161 683 τις
1180 652 1212 678 ἂν
1228 652 1298 678 κατὰ
1319 652 1364 678 τὸν
1385 653 1527 688 φιλόσοφον
1542 653 1635 687 λόγον·
1651 654 1696 679 καὶ
1710 655 1724 679 ὁ
1746 653 1826 679 Ἀπό-

1037 699 1127 730 στολος
1141 699 1168 724 δέ
1185 707 1250 734 φησι
1271 699 1490 734 ὑποταγήσεσθαι
1512 700 1591 726 αὐτὸν
1608 699 1646 735 τῷ
1663 699 1825 732 ὑποτάξαντι

1036 745 1109 780 αὐτῷ
1124 746 1157 772 τὰ
1174 745 1272 777 πάντα,
1286 746 1332 772 καὶ
1343 746 1513 780 παραδώσειν
1528 746 1608 772 αὑτὸν
1624 745 1673 780 τὴν
1689 745 1825 780 βασιλείαν

1035 792 1073 827 τῷ
1090 792 1176 827 Πατρὶ
1194 792 1240 818 καὶ
1260 791 1332 827 Θεῷ·
1360 792 1397 824 ὡς
1415 792 1579 827 ὑπειλῆφθαι
1599 791 1679 818 αὑτὸν
1699 792 1747 818 οὐκ
1761 792 1826 818 ὅντα

1037 838 1089 874 πρὸ
1105 837 1150 864 τοῦ
1178 838 1333 872 γεννᾶσθαι,
1354 839 1435 864 πάλιν
1448 839 1487 869 εἰς
1503 839 1533 864 τὸ
1547 838 1583 873 μὴ
1597 837 1664 865 εἶναι
1679 839 1823 874 χωρήσειν.

1041 882 1170 918 Ἀνάὸηθί
1193 891 1236 917 μοι
1262 883 1308 908 ἐπὶ
1329 883 1378 917 τῆς
1403 883 1540 917 ἀσφαλοῦς
1560 884 1688 916 πίστεως,
1709 884 1744 919 μὴ
1763 893 1826 910 σνν-

1036 928 1180 964 αρπασθῇς
1201 928 1296 963 ὥσπερ
1323 927 1398 963 βιαίᾳ
1416 930 1483 964 πνοῇ
1497 930 1530 963 τῇ
1542 928 1595 955 τῶν
1613 929 1738 955 τοιούτων
1758 929 1826 963 λογι-

1036 974 1112 1010 σμῶν
1133 974 1234 1009 ἀπάτῃ,
1247 974 1284 1004 ὡς
1297 974 1376 1008 χνοῦς
1392 974 1421 1000 ὃν
1436 975 1560 1009 ὲκρίπτει
1573 974 1586 1000 ὁ
1601 975 1709 1010 ἄνεμος,
1731 975 1762 1000 ἐκ
1777 975 1826 1009 τῆς

1036 1021 1133 1055 στενῆς
1147 1021 1194 1046 καὶ
1213 1019 1321 1050 εὐθείας
1334 1020 1392 1046 ὁδοῦ
1406 1021 1451 1046 ἐπὶ
1467 1020 1591 1055 βάραθρα
1611 1021 1659 1055 τῆς
1678 1020 1824 1052 ἀπωλείας.

1036 1065 1066 1091 Et
1080 1064 1133 1100 γὰρ
1145 1065 1159 1090 ὁ
1174 1064 1268 1100 Πατὴρ
1290 1063 1343 1090 τῶν
1367 1065 1434 1091 ὅλων
1447 1065 1593 1100 ἀγέννητος
1610 1066 1655 1092 καὶ
1671 1065 1765 1097 ἀΐδιος,
1781 1074 1824 1091 σο-

1035 1110 1084 1144 φός
1101 1119 1130 1136 τε
1146 1111 1192 1136 καὶ
1218 1110 1338 1143 δυνατὸς,
1360 1111 1374 1136 ὁ
1395 1111 1417 1137 δ’
1434 1111 1603 1144 Ἀπόστολος,
1619 1111 1667 1146 τὴν
1688 1113 1726 1143 εἰς
1746 1112 1826 1138 αὐτὸν

1035 1155 1125 1182 πίστιν
1152 1156 1405 1191 εὐαγγελιζόμενος,
1434 1157 1606 1193 διακηρύττει
1626 1159 1692 1184 πᾶσι
1710 1159 1827 1194 Χριστὸν

1035 1201 1102 1227 Θεοῦ
1128 1201 1242 1236 δύναμιν
1271 1203 1317 1228 καὶ
1345 1202 1412 1228 Θεοῦ
1440 1204 1545 1237 σοφίαν,
1564 1204 1622 1235 πῶς
1643 1204 1675 1230 ἂν
1692 1204 1826 1239 τολμῶσιν

1036 1248 1087 1274 ὑπὸ
1103 1249 1197 1282 χρόνον
1208 1248 1285 1282 ἄγειν
1300 1248 1382 1274 αὐτοῦ
1394 1248 1442 1284 τὴν
1461 1251 1596 1285 γέννησιν,
1614 1251 1661 1276 καὶ
1679 1251 1727 1276 οὐκ
1742 1250 1826 1277 ἀΐδιον

1034 1294 1095 1320 οὐδὲ
1119 1294 1237 1330 ἄναρχον
1251 1295 1453 1330 ὑπολαμὸάνειν
1470 1304 1477 1329 ;
1506 1297 1537 1322 Εἰ
1561 1296 1614 1332 γὰρ
1633 1297 1703 1323 κατὰ
1720 1298 1769 1332 τήν
1786 1306 1826 1323 τι-

1035 1349 1087 1367 νων
1111 1341 1243 1376 ὑπόληψιν
1256 1341 1308 1366 ὑπὸ
1334 1342 1429 1377 χρόνου
1458 1343 1553 1378 μοῖραν
1575 1342 1717 1368 πέπτωκεν
1739 1344 1754 1377 ἡ
1779 1342 1826 1369 τοῦ

1035 1386 1159 1422 Σωτῆρος
1183 1387 1262 1421 ἡμῶν
1287 1388 1404 1421 γένεσις,
1440 1388 1588 1423 ἦτίμασται
1610 1388 1649 1414 ἐ’τι
1668 1389 1697 1414 οὐ
1719 1389 1798 1423 μόνον
1813 1391 1826 1415 ό

1035 1431 1109 1462 Υἱὸς,
1126 1431 1192 1457 ἀλλὰ
1210 1431 1256 1458 καὶ
1277 1432 1291 1457 ὁ
1316 1432 1412 1468 Πατὴρ
1431 1432 1501 1458 κατὰ
1515 1433 1562 1468 τὴν
1578 1433 1623 1459 τοῦ
1637 1433 1700 1460 Υξοῦ
1715 1435 1806 1469 φωνήν
1818 1443 1824 1449 “

1038 1486 1046 1502 ι
1059 1476 1127 1503 Οὔτε
1153 1478 1203 1512 ἐμὲ
1229 1477 1319 1504 οἴδατε
1348 1478 1408 1504 οὔτε
1427 1479 1470 1506 τὸν
1490 1479 1609 1514 Πατέρα.
1629 1479 1657 1505 Ὀ
1676 1480 1712 1515 μὴ
1740 1480 1826 1515 τιμῶν

193 1530 347 1557 servatoris
382 1528 470 1556 nostri
502 1527 642 1562 generatio
675 1526 818 1553 cohibetur
831 1546 838 1558 ,
864 1525 983 1551 violatur
998 1525 1018 1553 C
1034 1523 1080 1549 τὸν
1101 1523 1171 1554 rtem,
1192 1523 1221 1549 οὺ
1239 1524 1306 1559 τιμᾷ
1321 1523 1366 1550 τὸν
1385 1524 1508 1558 navem·
1529 1533 1538 1549 υ
1558 1524 1586 1555 ὃς
1602 1524 1660 1558 μὲν,
1681 1525 1718 1556 ὡς
1732 1525 1827 1551 οὐκῶν

192 1578 281 1604 honor
293 1584 348 1603 non
365 1575 426 1602 Filii
446 1574 647 1604 tantummodo,
667 1580 762 1600 verum
780 1572 861 1599 etiam
882 1570 981 1601 Patris,

190 1625 268 1658 juxta
287 1624 373 1658 ipsius
391 1622 451 1649 Filii
465 1622 568 1648 dietum
583 1630 589 1647 :
612 1629 621 1645 ‹
637 1620 729 1654 Neque
744 1627 787 1646 me
802 1618 879 1646 scitis
896 1625 983 1652 neque

192 1670 300 1696 Patrem
320 1669 340 1695 ⁵.
367 1667 418 1700 Qui
438 1675 491 1693 non
519 1665 681 1693 honorificat
712 1664 821 1695 Filium.
854 1671 906 1691 nec
932 1663 983 1690 Pa-

193 1723 262 1743 trem
289 1715 398 1750 quidem
420 1713 621 1743 honorificat⁷z
647 1722 656 1738 ι
685 1712 810 1738 videlicet
830 1711 909 1746 quasi
938 1711 983 1737 ille

193 1770 247 1789 non
270 1762 407 1789 exstiterit
433 1765 578 1794 antequam
594 1759 762 1794 gigneretur,
781 1759 823 1785 vet
844 1758 923 1792 quasi
939 1758 982 1784 hic

192 1807 320 1833 virtutem
346 1805 564 1840 sapientiamque
582 1801 637 1830 non
665 1803 792 1830 habuerit
819 1803 981 1837 priusquam

193 1852 279 1879 filius
298 1852 348 1886 ipsi
370 1855 452 1878 esset.
469 1851 554 1877 Porro
576 1853 794 1876 consentaneum
823 1849 874 1876 erit
901 1852 929 1875 ut
955 1847 982 1874 hi

191 1899 348 1925 existiment
374 1905 407 1924 ne
427 1897 509 1923 Deum
534 1895 644 1931 quidem
659 1894 810 1925 exstitisse,
834 1898 981 1928 antequam

1037 1569 1089 1605 πρὸ
1102 1569 1148 1595 τοῦ
1164 1569 1299 1603 γενέσθαι,
1312 1570 1340 1601 ὃς
1357 1571 1396 1601 δὲ,
1411 1570 1448 1601 ὡς
1464 1571 1501 1605 μὴ
1512 1570 1580 1605 ἔχων
1598 1570 1711 1605 δύναμιν
1722 1571 1769 1598 καὶ
1783 1580 1827 1597 σο-

1036 1615 1099 1648 φίαν
1115 1615 1166 1650 πρὸ
1180 1615 1227 1641 τοῦ
1248 1613 1317 1642 εἶναι
1331 1615 1375 1641 τὸν
1389 1615 1462 1642 Υἰόν.
1488 1615 1654 1647 Ἀκολούθως
1667 1616 1689 1643 δ’
1710 1616 1743 1642 ἂν
1760 1617 1826 1642 ὐπο-

1037 1661 1199 1696 λαμόάνοιεν
1223 1662 1248 1687 οἱ
1266 1661 1381 1687 τοιοῦτοι
1403 1661 1469 1696 μηδὲ
1493 1661 1558 1688 Θεὸν
1574 1660 1642 1687 εἶναι
1657 1661 1702 1687 τὸν
1718 1661 1826 1696 Πατέρα

1037 1709 1112 1739 ποτὲ,
1131 1708 1195 1743 πρὶν
1211 1707 1337 1742 γενέσθαι
1352 1706 1399 1733 τοῦ
1419 1706 1484 1733 'stoc
1495 1715 1502 1722 ·
1520 1707 1578 1739 πῶς
1593 1707 1646 1742 γὰρ
1660 1707 1693 1734 ἂν
1707 1707 1783 1739 Θεὸς,
1801 1708 1825 1733 εί

1038 1753 1075 1788 μὴ
1086 1753 1200 1788 δύναμιν
1210 1754 1256 1779 καὶ
1267 1753 1362 1787 σοφίαν
1389 1753 1536 1787 ὲκέκτητο;
1564 1753 1594 1779 Et
1611 1753 1639 1779 δὲ
1660 1753 1702 1779 ἀεὶ
1716 1753 1825 1784 ὢνΘεὸς

1037 1800 1088 1826 ὑπὸ
1096 1799 1150 1826 τῶν
1162 1800 1241 1826 θείων
1252 1800 1317 1834 ἡμῖν
1326 1799 1442 1834 Γραφῶν
1461 1799 1644 1831 τεθέσπισται,
1658 1799 1701 1825 ἀεὶ
1715 1799 1768 1835 ἄρα
1783 1808 1825 1825 σο-

1036 1846 1100 1880 φίαν
1125 1846 1171 1872 καὶ
1197 1845 1323 1880 δύναμιν,
1344 1845 1467 1872 τοὺτέστι
1483 1845 1529 1871 τὸν
1544 1845 1670 1880 Χριστὸν,
1684 1845 1752 1880 ἔχων
1765 1845 1824 1880 μεθ’

1036 1892 1132 1918 ἑαυτοῦ
1148 1891 1314 1923 πιστευτέος.

192 1943 254 1971 Filii
282 1944 362 1970 Pater
387 1944 532 1975 evaderet:
555 1950 617 1969 nam
635 1949 691 1976 quo
707 1945 788 1976 paeto
813 1940 885 1968 Deus
903 1940 993 1972 suerit,
1010 1940 1063 1966 nisi
1079 1940 1209 1966 virtutem
1229 1947 1261 1966 ac
1278 1939 1440 1974 sapientiam
1457 1938 1633 1974 possederit?
1652 1937 1711 1965 Jam
1724 1947 1787 1966 vero
1800 1940 1823 1965 si

193 1992 276 2019 Deum
293 1992 326 2017 ah
339 1996 441 2018 {eterno
455 1991 632 2018 exsistentem
648 1990 746 2017 ‹livinae
757 1989 836 2016 nobis
855 1988 1005 2023 Scripturae
1024 1991 1170 2020 testantur,
1193 1987 1216 2015 is
1239 1987 1401 2022 sapientiam
1414 1996 1522 2023 semper
1561 1992 1644 2023 atque
1681 1988 1820 2020 virtutem,

192 2040 218 2066 id
236 2044 277 2066 cst
297 2039 437 2065 Christum
449 2058 456 2069 ,
475 2045 568 2065 secum
586 2037 718 2065 habuisse
742 2036 898 2064 credendus
909 2039 962 2062 est.

226 2085 253 2112 5.
274 2084 381 2111 Memini
401 2089 491 2110 autem
511 2091 554 2110 me
585 2087 665 2110 antea
680 2083 857 2118 promittere,
876 2082 935 2109 sore
951 2085 983 2108 ut

193 2131 280 2157 Patris
299 2130 443 2165 imaginem
473 2134 554 2164 atque
580 2129 640 2156 Filii
667 2134 798 2164 tanquam
819 2129 846 2155 in
869 2127 980 2162 speculo

191 2178 269 2204 vobis
291 2177 529 2207 demonstrarem,
545 2176 768 2211 quandoquidem
789 2176 910 2202 humano
924 2182 983 2201 ser-

192 2224 263 2250 moni
278 2232 321 2250 res
336 2222 434 2249 divinae
451 2227 555 2249 naturae
572 2230 625 2249 non
636 2222 788 2257 subjacent.
805 2222 872 2248 Nam
886 2226 911 2248 et
925 2220 982 2254 ipse

192 2269 261 2296 Deus
279 2269 350 2296 liaml
378 2269 529 2296 seeundum
552 2269 690 2303 propriam
710 2267 910 2302 magnitudinis
926 2266 981 2293 vir-

191 2321 275 2341 tutem
295 2315 436 2342 nobiscum
449 2316 580 2349 loquitur,
593 2315 640 2342 sed
656 2322 733 2342 suam
759 2314 886 2340 humanis
902 2312 980 2339 audi-

191 2361 264 2386 tibus
279 2368 371 2386 vo‹·(·m
390 2364 562 2394 attemperat,
577 2369 631 2395 quo
649 2360 707 2387 lieri
719 2360 806 2394 possit
822 2359 980 2386 utdivinam

192 2414 285 2433 vacem
301 2407 414 2434 auribus
433 2407 630 2441 percipiamus.
646 2405 881 2438 Quemadmodum
899 2404 979 2431 etiam

192 2453 351 2479 immensam
380 2457 406 2478 et
431 2452 737 2486 incomprehensibilem
764 2450 980 2486 magnitudinem

190 2506 266 2524 suam
293 2497 420 2524 hmnanis
445 2498 637 2524 accommodat.
666 2497 783 2528 visibus,
801 2500 827 2523 et
857 2503 920 2523 cum
945 2496 981 2523 sit

191 2544 272 2574 Deus,
289 2543 371 2569 homo
399 2545 541 2577 appan-uin
577 2543 729 2570 exinanivit
751 2542 824 2569 enim
854 2542 982 2576 semctip-

189 2598 260 2620 sum,
275 2590 388 2615 sormam
406 2590 477 2616 servi
496 2589 634 2623 accipiens
645 2590 665 2622 ⁸,
684 2593 713 2615 ut
728 2596 872 2624 possemus
893 2587 982 2614 homi⁴

190 2643 238 2661 nes
255 2634 337 2661 Deum
355 2635 455 2661 videre.
472 2634 559 2660 Sicuti
577 2641 642 2669 crgo
657 2635 795 2662 credimus
814 2633 910 2664 Deum,
928 2632 980 2660 etsi

191 2681 274 2707 homo
304 2689 358 2707 non
386 2681 430 2711 sit,
451 2679 588 2707 homiuem
619 2680 792 2714 apparuisse,
821 2686 980 2714 quanquam

191 2732 287 2761 suapte
308 2732 406 2754 natura
429 2727 500 2754 Deus
516 2727 598 2754 suerit
619 2731 645 2752 ct
661 2727 705 2757 sit,
720 2727 783 2760 quia
798 2727 979 2752 immensura-

192 2772 272 2800 bilem
287 2781 363 2799 suam
379 2774 592 2808 magnitudinem
618 2780 732 2809 corpore
747 2772 977 2807 circumscripsit,

226 2829 236 2844 ⁸
251 2829 260 2855 l
277 2828 341 2855 Cor.
359 2837 403 2863 xv,
422 2830 519 2862 22,⁹.'8.
559 2830 568 2845 ³
586 2829 593 2855 l
613 2830 674 2857 Cor.
693 2838 710 2862 i,
723 2830 767 2856 Ἡ.

807 2830 816 2843 ⁶
832 2829 911 2856 Joan.
932 2837 990 2863 t‘lll,
1008 2830 1050 2857 19.

1069 2084 1104 2115 γ’.
1127 2081 1277 2116 Μέμνημαι
1303 2080 1332 2106 δὲ
1358 2080 1540 2114 ὑποσχόμενος
1561 2079 1714 2115 ἔμπροσθεν
1730 2080 1824 2116 ὥσπερ

1033 2127 1065 2153 δι’
1094 2127 1226 2162 ἐσόπτρου
1246 2126 1343 2158 δείξειν
1368 2126 1432 2161 ὑμῖν
1452 2126 1501 2161 τὴν
1518 2126 1611 2153 εἰκόνα
1634 2126 1687 2153 τῶν
1700 2127 1763 2162 περὶ
1779 2127 1823 2153 τὸν

1034 2173 1141 2208 Πατέρα
1157 2173 1202 2199 καὶ
1219 2173 1263 2198 τὸν
1284 2172 1364 2198 Υίόν·
1386 2172 1500 2208 ἐπείπερ
1527 2172 1689 2207 ἀνθρωπίνῳ
1705 2173 1775 2207 λόγῳ
1791 2174 1823 2199 τὰ

1033 2219 1104 2245 κατὰ
1117 2219 1165 2254 τὴν
1181 2218 1254 2245 θείαν
1273 2219 1353 2252 φύσιν
1374 2219 1422 2253 οὐχ
1448 2219 1638 2245 ὑποτέτακται.
1665 2219 1758 2245 Ὁπότε
1771 2219 1823 2253 γὰρ

1033 2267 1114 2298 αὐτὸς
1126 2268 1139 2294 ὁ
1151 2267 1215 2298 Θεὸς
1230 2268 1259 2294 οὐ
1272 2267 1341 2293 κατὰ
1357 2267 1406 2302 τὴν
1418 2267 1484 2293 ἰδίαν
1498 2266 1543 2292 τοῦ
1559 2266 1689 2301 μεγέθους
1711 2266 1822 2301 δύναμιν

1033 2315 1179 2341 διείλεκται
1194 2315 1272 2349 ἡμῖν,
1297 2313 1365 2340 ἀλλὰ
1386 2313 1539 2348 συμμετρεῖ
1559 2313 1618 2343 ταῖς
1640 2311 1822 2347 ἀνθρωπίναις

1033 2361 1128 2391 ἀκοαῖς
1154 2360 1202 2395 τὴν
1231 2359 1327 2386 ἑαυτοῦ
1357 2359 1458 2394 φωνὴν,
1473 2359 1547 2389 ὅπως
1559 2356 1609 2384 οἶοί
1627 2366 1654 2384 τε
1668 2354 1742 2392 ὦμεν
1763 2358 1822 2388 ταῖς

1033 2408 1127 2437 ἀκοαῖς
1141 2406 1189 2441 τὴν
1204 2406 1278 2432 θείαν
1290 2405 1379 2440 φωνὴν
1389 2404 1576 2437 ὐποδέξασθαι.
1590 2403 1643 2430 Καὶ
1656 2403 1710 2438 γάρ
1723 2411 1762 2429 τοι
1776 2402 1822 2428 καὶ

1032 2452 1063 2478 τὸ
1078 2451 1239 2478 ἀνύποιστον
1263 2451 1309 2477 καὶ
1329 2450 1514 2485 ἀπερίληπτον
1527 2449 1640 2484 μέγεθος
1655 2448 1737 2475 αὑτοῦ
1754 2456 1823 2482 συμ-

1034 2499 1128 2533 μετρεῖ
1145 2499 1204 2528 ταῖς
1220 2497 1274 2523 τῶν
1297 2495 1448 2530 ἀνθρώπων
1464 2496 1551 2530 ὕψεσι,
1571 2496 1616 2521 καὶ
1631 2495 1696 2525 Θεὸς
1710 2494 1758 2524 ὢν,
1773 2495 1819 2520 ἄν·

1031 2544 1139 2579 Ορωπος
1153 2543 1255 2577 πέφηνε
1267 2550 1273 2556 ·
1296 2542 1412 2568 ὲκένωσε
1430 2543 1483 2576 γὰρ
1498 2542 1592 2567 ἑαυτὸν
1607 2542 1713 2576 μορφὴν
1728 2541 1819 2567 δούλου

1031 2589 1131 2620 laeam,
1146 2589 1189 2614 ἰ’να
1211 2588 1369 2623 δυνηθῶμεν
1387 2588 1410 2614 οἱ
1431 2588 1567 2623 ἅνθρωποι
1582 2587 1728 2613 θεάσασθαι
1744 2587 1818 2613 Θεόν.

1031 2636 1136 2669 Ὥσπερ
1146 2633 1191 2660 οὖν
1202 2634 1373 2669 πεπείσμεθα
1389 2634 1429 2660 ὅτι
1441 2635 1489 2660 οὐκ
1502 2634 1538 2660 ὢν
1550 2634 1701 2669 ἅνθρωπος,
1717 2634 1818 2668 πέφηνε

1032 2683 1081 2717 μὲν
1096 2681 1247 2716 ἅνθρωπος,
1269 2681 1339 2706 κατὰ
1361 2680 1440 2714 φύσιν
1457 2681 1485 2706 δὲ
1504 2680 1569 2711 Θεὸς
1589 2678 1622 2715 ἦν
1642 2689 1671 2706 τε
1686 2681 1732 2706 καὶ
1749 2679 1816 2710 ἔστι,

1033 2727 1062 2753 το
1082 2726 1265 2761 ἀπερίληπτον
1284 2725 1396 2760 μέγεθος
1411 2725 1492 2750 αὐτοῦ
1514 2725 1619 2760 σώματι
1636 2723 1816 2759 περιγράψας,

1034 2773 1079 2800 καὶ
1095 2773 1126 2799 δι’
1141 2771 1247 2803 ἑαυτοῦ,
1263 2771 1356 2805 ὥσπερ
1366 2771 1398 2796 δι’
1418 2771 1561 2805 ἐσόπτρου,
1578 2771 1607 2797 τὸ
1617 2770 1675 2798 ὅλον
1690 2771 1756 2806 ἡμῖν
1771 2767 1818 2804 μέν

1089 2829 1098 2845 ⁷
1112 2828 1231 2864 loaiuv,
1248 2829 1292 2856 ΕΖΓ),
1327 2827 1337 2843 ⁸
1351 2827 1466 2863 Philipp.
1486 2828 1553 2862 11‚7.
