1840 3036
138 147 205 173 1275

753 142 781 168 S.
803 140 966 168 GREGORtt
983 139 1128 167 NYSSENt

1697 142 1765 168 tato

138 204 165 230 iu
187 203 374 237 corruptione,
391 206 417 228 et
437 201 490 227 alia
511 199 538 226 in
556 199 618 226 aliis
634 197 728 225 eodem
757 197 847 229 modo,
867 204 925 223 me-
940 200 960 227 Λ
976 205 1031 227 νον,
1051 195 1184 222 ἀθανασία
1207 195 1324 228 ἐγένετο,
1342 195 1441 230 ὁμοίως
1465 196 1510 223 καὶ
1532 196 1562 223 τὸ
1583 196 1701 232 φθαρτὴν
1726 199 1765 228 εἰς

139 251 193 277 rito
212 250 274 284 quis
290 248 425 275 binarium
444 253 588 273 numerum
602 245 628 271 in
645 243 713 271 Filio
732 243 778 270 Dei
796 244 928 270 observa-

140 298 186 327 rit,
206 303 267 322 cunt
292 299 437 327 utrumqne
460 299 555 319 eorum
582 297 641 324 quae
666 289 804 315 contraria
823 288 929 314 ratione

141 344 303 376 spectantur
330 338 477 372 separatim
503 336 574 371 apud
599 343 628 363 se
654 334 851 362 numeraverit.
880 334 929 360 Sin

141 391 230 413 autem
253 384 366 411 mortale
388 383 414 409 in
433 381 581 408 inimortali
597 380 716 415 positum
739 378 930 405 immortalitas

142 433 244 459 tat-tum
266 435 318 462 est,
336 429 492 464 pariterque
505 426 683 461 corruptibile
700 425 726 452 in
747 423 932 458 incorruptio-

142 486 204 505 nem
225 481 358 503 mutatum
375 478 429 507 est,
455 474 563 507 aliaque
585 472 677 498 omnia
703 471 762 505 pari
783 469 888 496 ratione
905 468 932 494 in

144 523 373 558 impatibilitatem
389 520 535 555 quamdam
555 518 780 551 divinitatemque
799 522 933 542 conversa

144 575 218 603 suut,
237 571 299 605 quis
316 570 393 596 locus
412 566 574 601 relinquitur
597 572 691 591 eorum
710 563 872 590 commentis
887 561 933 596 qui

146 619 173 644 in
187 616 368 644 differentiam
381 614 497 640 duorum
509 612 534 639 id
552 610 625 645 quod
639 617 722 636 unum
734 612 776 636 est
790 607 934 634 dividunt?

974 241 1129 276 ἀφθαρσίαν
1153 240 1295 275 μετέῆαλε,
1321 242 1368 268 καὶ
1389 241 1422 268 τὰ
1439 241 1506 269 ἄλλα
1529 242 1616 269 πάντα
1636 242 1766 274 ὡσαύτως

976 287 1042 322 προς
1064 287 1094 313 τὸ
1114 286 1218 317 ἀπαθές
1232 295 1260 312 τε
1280 287 1326 312 καὶ
1344 287 1413 313 θεῖον
1439 288 1614 323 μετεποιήθη·
1639 289 1679 320 τίς
1701 289 1767 315 ὑπο-

976 332 1097 358 λείπεται
1111 332 1188 366 λόγος
1206 333 1261 363 τοῖς
1273 333 1312 363 είς
1322 332 1416 368 δυῖκὴν
1428 333 1558 368 διαφορὰν
1572 334 1602 360 τὸ
1619 334 1647 360 ἓν
1663 334 1768 369 διασχί-

978 380 1067 410 ζουσιν
1079 387 1086 411 ;
1107 378 1134 404 '0
1148 378 1201 413 γὰρ
1216 378 1301 412 Λόγος
1314 379 1361 405 καὶ
1373 379 1424 414 πρὸ
1435 379 1483 414 τῆς
1501 379 1600 413 σαρκὸς
1613 400 1619 411 ,
1636 381 1682 406 καὶ
1700 381 1767 415 μετὰ

979 424 1027 459 τὴν
1039 425 1067 450 ὲν
1085 424 1166 458 σαρκὶ
1179 424 1332 459 οἰκονομίαν
1344 424 1428 458 Λόγος
1445 425 1492 451 καὶ
1510 422 1553 459 ἦν,
1568 425 1615 451 καὶ
1632 425 1704 452 ἔστι·
1720 426 1767 452 καὶ

980 470 993 496 ὁ
1017 469 1083 502 Θεὸς
1106 470 1152 496 καὶ
1168 471 1221 506 πρὸ
1244 470 1293 504 τῆς
1312 470 1359 496 τοῦ
1383 471 1474 497 δούλου
1502 472 1608 506 μορφῆς
1631 473 1677 499 καὶ
1702 473 1770 508 μετὰ

980 516 1081 550 ταύτην
1105 517 1119 542 ὁ
1142 516 1207 547 Θεός
1228 518 1295 550 ἐστι,
1318 517 1364 543 καὶ
1385 517 1415 543 τὸ
1431 517 1488 551 φῶς
1509 517 1538 543 τὺ
1557 518 1691 553 ἀληθινὸν,
1707 519 1770 554 πρίν

981 569 1010 587 τε
1033 561 1156 597 ὲλλαμψῃ
1179 563 1211 597 τῇ
1230 562 1341 597 σκοτίᾳ,
1363 563 1409 589 καὶ
1431 563 1499 598 μετὰ
1518 563 1603 590 ταῦτα
1623 564 1678 598 φῶς
1699 566 1770 591 ἐστιν

982 607 1117 642 ἀληθινόν.

144 663 262 690 Verbum
288 661 362 688 enim
385 664 412 686 et
447 664 510 685 ante
537 656 754 684 incarnationem
790 658 817 681 et
842 656 905 688 post
943 652 1175 688 dispensationem
1205 654 1232 681 in
1266 662 1348 682 earne
1372 654 1490 683 Verbum
1519 660 1545 684 et
1571 661 1631 684 erat
1654 660 1681 684 et
1712 661 1770 686 est;

143 712 264 745 itemque
279 709 352 736 Deus
368 712 395 735 et
406 712 469 734 aute
485 706 602 733 sormam
624 703 708 736 servi,
724 707 751 730 et
766 705 829 737 post
846 701 932 736 ipsam
952 705 994 728 est
1011 700 1082 729 Deus
1097 709 1246 737 verumque
1262 702 1354 730 lumen
1379 702 1418 738 [et
1449 707 1597 738 antequam
1631 704 1774 732 illucescat

148 759 174 784 in
192 757 313 784 tenebris
331 759 357 782 ct
372 753 488 790 postca].

181 806 209 831 Si
225 811 290 839 ergo
303 803 451 830 immobilis
464 806 491 828 et
503 799 680 827 immutabilis
692 798 747 826 Deo
763 797 930 825 conveniens
946 800 966 827 13
1017 795 1048 822 Εἰ
1073 793 1119 822 οὖν
1134 796 1257 828 ἄπτωτος
1279 796 1326 822 καὶ
1345 796 1512 831 ἀμετάθετος
1527 798 1601 823 πᾶσα
1622 797 1773 833 θεοπρεπὴς

144 851 237 878 omnis
261 850 338 876 notio
355 849 388 875 de
408 847 556 882 Unigenito
575 852 683 880 semper
707 848 733 871 et
754 845 889 875 cernitur,
911 846 938 870 et

144 901 185 923 cst
207 896 266 930 ipse
289 893 372 926 idem,
391 893 487 919 eodem
509 890 590 918 modo
613 898 642 918 se
671 890 775 916 liabens
799 888 871 923 apud
896 894 937 920 se,

143 942 191 975 qui
206 940 263 967 [ieri
278 942 368 974 potest
385 941 413 964 ut
424 937 457 963 ab
469 936 515 963 illo
526 942 656 970 cogamur
666 934 726 969 ejus
740 933 938 968 apparitionem

146 994 193 1021 per
208 991 319 1011 carnem
336 982 472 1009 binarium
490 980 609 1006 tiliorum
628 984 771 1005 numerum
791 976 938 1011 appellare,

147 1031 259 1067 perinde
279 1029 357 1064 quasi
387 1028 432 1054 bic
450 1027 562 1062 quidem
584 1024 671 1052 Filius
686 1024 722 1051 sit
736 1023 782 1058 qui
802 1026 861 1050 erat
876 1025 939 1049 ante

147 1078 258 1110 saecuia,
287 1077 333 1103 ille
359 1078 450 1101 autem
476 1081 524 1108 per
548 1079 659 1099 carnem
682 1071 754 1098 alius
775 1069 861 1096 Filius
884 1067 939 1094 Deo

151 1124 231 1151 luerit
253 1123 280 1149 in
298 1122 386 1149 lucem
400 1120 506 1147 editus?
517 1117 571 1145 Nos
588 1118 660 1145 enim
687 1121 813 1143 naturam
829 1114 939 1150 quidem

149 1170 297 1195 humanam
314 1165 403 1193 Verbo
419 1165 595 1198 conjunctam
607 1166 743 1190 servatam
754 1169 816 1189 esse
831 1169 864 1187 ex
881 1168 940 1193 my-

149 1215 232 1242 sterio
255 1213 402 1241 didicimus
426 1215 453 1238 et
478 1210 628 1238 credimus.
653 1208 752 1235 Filium
778 1211 869 1234 autem
890 1206 938 1233 Dei

148 1261 286 1288 carnalem
303 1268 365 1287 esse
382 1263 409 1286 et
424 1257 552 1293 privatim
569 1256 640 1291 apud
660 1263 689 1283 se
711 1254 829 1289 spectari
852 1260 940 1287 neque

149 1308 307 1338 didicimus,
332 1312 422 1340 neque
438 1304 510 1331 unde
527 1302 555 1329 id
582 1301 675 1337 colligi
693 1300 791 1336 possit,
812 1298 941 1333 intelligi-

150 1360 230 1384 mus;
258 1359 320 1378 nam
344 1358 432 1385 neque
454 1348 527 1383 quod
548 1339 692 1383 peecatum
719 1351 745 1374 et
765 1344 940 1372 maledictum

151 1403 261 1433 propter
276 1405 334 1431 ⁴nos
357 1397 446 1423 sactus
464 1395 511 1426 sit,
528 1397 559 1420 ut
586 1393 675 1427 inquit
695 1391 844 1426 Apostolus
859 1390 891 1423 ¹⁶,
913 1394 940 1416 et

151 1444 328 1471 infirmitates
343 1447 451 1469 nostras
465 1439 612 1475 acceperit,
634 1442 663 1465 ut
679 1438 764 1465 lsaias
779 1435 938 1467 testatur¹⁷,

150 1496 292 1525 peceatum
310 1489 380 1523 apud
397 1495 427 1515 se
451 1495 505 1513 non
521 1488 660 1516 sanatum,
674 1487 700 1510 et
722 1481 896 1509 maledictum
915 1485 942 1507 et.

151 1536 338 1563 infirmitatem
357 1533 516 1568 dereliquit,
531 1531 578 1559 sed
593 1530 708 1557 mortale
724 1528 833 1562 quidem
849 1527 941 1554 absor-

151 1587 226 1616 ptum
244 1585 286 1608 est
302 1588 316 1607 a
333 1580 387 1607 vita
400 1579 431 1610 ¹⁸,
449 1577 599 1605 crucifixus
618 1579 709 1602 autem
731 1582 764 1601 ex
782 1573 940 1600 infirmitate

151 1628 217 1654 vivit
230 1635 262 1653 ex
282 1625 427 1657 virtute¹⁹‚
445 1627 472 1650 ct
486 1622 663 1650 maledictum
680 1621 706 1647 in
722 1619 940 1646 benedictionem

151 1678 286 1701 mutatum
312 1676 364 1703 est,
387 1675 414 1698 et
426 1670 560 1706 quidquid
584 1669 611 1695 in
636 1671 734 1694 natura
757 1671 850 1693 nostra
866 1665 942 1691 intir-

152 1727 226 1746 mum
246 1721 288 1744 est
311 1721 338 1744 et
354 1716 499 1747 caducum,
517 1713 653 1741 divinitati
674 1711 850 1739 commistum
869 1710 897 1736 in
915 1708 942 1736 id

151 1763 239 1790 evasit
263 1762 334 1797 quod
366 1762 423 1796 ipsa
449 1765 490 1787 est
520 1759 662 1787 divinitas.
684 1756 762 1784 Unde
787 1763 852 1790 ergo
882 1755 942 1782 steri

152 1812 253 1843 potest,
271 1812 301 1834 ut
318 1808 398 1834 alicui
416 1806 541 1834 binarius
563 1805 615 1832 iste
631 1804 748 1831 tiliorum
766 1810 898 1830 numerus
914 1802 941 1828 in

153 1860 270 1882 mentem
288 1855 390 1885 veniat,
419 1858 550 1888 tanquam
573 1860 606 1879 ex
627 1850 792 1879 necessitate
818 1850 852 1877 ab
883 1849 942 1884 ipsa

153 1901 362 1935 dispensatione
379 1901 405 1926 in
422 1907 503 1926 carne
518 1899 550 1925 ad
567 1897 704 1932 ejusmodi
719 1896 876 1932 opinionem
892 1896 943 1921 im-

154 1947 251 1980 pulso?
272 1947 323 1979 Qui
349 1947 420 1973 enim
439 1952 545 1980 semper
563 1948 604 1971 est
620 1945 647 1970 in
673 1942 762 1974 Patre,
780 1949 943 1976 semperque

154 1993 259 2019 Patrem
286 1992 314 2019 in
333 1992 424 2026 seipso
448 1991 540 2022 babet,
567 1990 674 2024 ipsique
698 1989 803 2020 unitus,
822 1988 894 2014 sicut
916 1991 943 2014 et

154 2039 217 2063 olim
231 2042 300 2070 erat,
323 2037 358 2064 ita
374 2043 399 2065 ct
415 2041 456 2064 est
477 2041 504 2064 et
521 2036 590 2068 erit3
606 2040 632 2063 et
646 2034 719 2061 aliud
742 2034 776 2060 ab
791 2034 837 2060 illo
853 2032 940 2060 Filius

154 2091 242 2117 neque
266 2088 324 2109 erat
341 2090 429 2117 neque
453 2082 515 2113 suit,
532 2089 621 2115 neque
643 2080 711 2107 adeo
728 2080 789 2106 erit.
808 2078 940 2105 Primitiae

153 2137 218 2155 xero
240 2134 344 2155 naturai
362 2129 498 2159 humanat,
515 2135 584 2162 quas
606 2126 661 2161 jam
683 2125 856 2159 omnipotens
875 2123 943 2150 divi-

154 2177 226 2201 nitas
243 2175 403 2209 assumpsit,
425 2178 454 2200 ut
468 2173 569 2200 dixerit
583 2172 719 2207 quispiam
735 2175 797 2205 apta
815 2170 944 2197 similitu-

155 2221 306 2252 dineusus,
326 2225 455 2255 tanquam
479 2219 547 2245 :teeti
567 2223 643 2253 gutta
664 2217 788 2252 quaedam
811 2216 945 2243 immenso

155 2267 223 2293 inari
237 2267 391 2296 commista,
407 2270 471 2293 sunt
487 2266 540 2292 illa}
551 2265 661 2299 quidem
679 2264 705 2290 in
721 2262 874 2293 divinitate,
890 2269 945 2289 non

155 2316 247 2337 tamen
264 2312 290 2337 in
305 2311 490 2345 peculiaribus
503 2310 560 2337 suis
575 2308 800 2344 proprietatibus.
814 2306 859 2333 Sic
873 2307 944 2333 enim

154 2356 280 2382 binarius
299 2357 417 2382 liliorum
434 2363 565 2381 nmnerus
578 2354 668 2388 colligi
690 2358 792 2388 posset,
810 2352 833 2379 si
851 2352 945 2378 ineffa-

156 2401 202 2427 bili
222 2401 248 2427 in
269 2401 411 2427 divinitate
432 2400 492 2426 Filii
513 2399 615 2426 diversi
631 2398 739 2433 generis
758 2401 857 2424 natura
869 2404 943 2431 quee-

155 2447 227 2480 piam
250 2446 435 2480 peculiaribus
463 2446 521 2472 suis
538 2445 664 2479 insignita
685 2444 757 2471 notis
782 2450 944 2478 agnoscere-

155 2499 210 2524 tur,
225 2492 261 2518 ita
278 2495 308 2517 ut
321 2491 372 2517 boc
388 2491 496 2525 quidem
511 2491 648 2517 infirmum
662 2493 744 2520 esset,
776 2493 823 2516 aut
853 2495 975 2523 parvum,

977 834 1076 870 ,ἔννοια
1090 844 1133 870 διὰ
1147 843 1246 875 παντὸς
1265 844 1329 878 περὶ
1351 844 1396 870 τὸν
1419 844 1555 879 Μονογενῆ
1573 846 1679 879 ὁρᾶται,
1701 845 1748 871 καὶ
1761 847 1775 872 ὸ

988 890 1068 922 αὐτός
1086 890 1158 916 ἐστιν
1172 889 1215 915 ἀεὶ
1233 889 1300 924 πρὸς
1315 889 1409 915 ἑαυτὸν
1424 888 1553 920 ὡσαύτως
1567 889 1646 924 ἔχων·
1663 889 1721 921 πῶς
1734 899 1775 921 τις

989 936 1062 970 ἡμᾶς
1072 934 1220 969 ἀναγκάζει
1232 934 1281 969 τὴν
1292 934 1336 961 διὰ
1349 934 1448 969 σαρκὸς
1459 934 1607 970 γενομένην
1623 936 1704 962 αὐτοῦ
1718 937 1777 962 ἐπι-

990 981 1102 1015 φάνειαν
1135 980 1201 1006 υῑῶν
1235 980 1316 1007 δυάδα
1352 980 1562 1015 κατονομάζειν,
1588 981 1625 1013 ὡς
1652 981 1699 1008 τοῦ
1729 983 1777 1017 μὲν

989 1027 1152 1061 προαιωνίου
1172 1026 1246 1057 ὄντος
1262 1026 1325 1052 Υίοῦ
1338 1047 1344 1059 ,
1361 1026 1408 1052 τοῦ
1427 1027 1455 1053 δὲ
1477 1027 1520 1053 διὰ
1541 1028 1640 1063 σαρκὸς
1661 1028 1700 1063 τῷ
1719 1028 1778 1064 Θεῷ

990 1072 1160 1107 γενηθέντος,
1177 1072 1256 1098 ἄλλου
1280 1071 1367 1106 Υἰοῦ;
1389 1073 1484 1108 Ἡμεῖς
1507 1073 1560 1108 γὰρ
1585 1074 1703 1109 σωθῆναι
1729 1074 1778 1109 μὲν

990 1119 1038 1153 τὴν
1053 1118 1224 1153 ἀνθρωπίνην
1239 1117 1319 1152 φύσιν
1334 1118 1478 1145 ἑνωθεῖσαν
1494 1119 1532 1154 τῷ
1541 1119 1628 1154 Λόγῳ,
1646 1120 1720 1155 παρὰ
1731 1120 1778 1146 τοῦ

992 1164 1141 1199 μυστηρίου
1159 1163 1206 1189 καὶ
1223 1163 1422 1198 μεμαθήκαμεν
1443 1163 1490 1190 καὶ
1514 1164 1694 1198 πιστεύομεν·
1715 1165 1779 1191 Yth-a

990 1210 1018 1236 δὲ
1037 1209 1104 1236 Θεοῦ
1126 1209 1251 1244 σάρκινον
1277 1209 1428 1241 ἰδιαζόντως
1449 1210 1491 1245 ἐφ’
1507 1210 1603 1237 ἑαυτοῦ
1630 1210 1779 1246 θεωρούμε·

991 1263 1046 1286 νον,
1063 1254 1125 1281 οὔτε
1142 1255 1290 1290 ἐμάθομεν,
1312 1255 1374 1282 οὔτε
1395 1255 1423 1288 ἐξ
1441 1256 1599 1287 ἀκολουθίας
1619 1256 1691 1288 τινὸς
1710 1258 1780 1283 νοεῖν

991 1300 1144 1336 ἑναγόμεθα
1154 1308 1161 1315 ·
1175 1300 1238 1326 οὔτε
1253 1301 1307 1336 γὰρ
1328 1301 1449 1337 ἁμαρτία
1464 1302 1511 1328 καὶ
1527 1302 1634 1338 κατάρα
1647 1302 1681 1329 δι’
1695 1303 1778 1338 ἡμᾶς,

991 1346 1082 1378 καθὼς
1102 1347 1115 1373 ὁ
1134 1347 1293 1378 Ἀπόστολος
1309 1347 1394 1381 λέγει,
1408 1348 1552 1382 γενόμενος
1562 1367 1568 1379 ,
1592 1348 1639 1374 καὶ
1652 1348 1702 1380 τὰς
1713 1350 1780 1384 ἠμε-

991 1393 1071 1428 τέρας
1086 1392 1175 1419 λαθὼν
1201 1393 1351 1424 ἀσθενείας,
1371 1394 1441 1420 κατὰ
1467 1394 1515 1429 τὴν
1542 1395 1653 1421 Ἡσαΐου
1678 1395 1778 1430 φωνὴν.

992 1438 1081 1472 ἀφῆκε
1107 1438 1171 1473 περὶ
1193 1438 1288 1464 ἑαυτὸν
1311 1438 1484 1473 ἀνιάτρευτον
1500 1439 1548 1474 τὴν
1563 1440 1709 1475 ἁμαρτίαν,
1734 1441 1781 1467 καὶ

993 1484 1043 1518 τὴν
1056 1483 1187 1518 κατάραν,
1204 1483 1250 1509 καὶ
1266 1483 1315 1518 τὴν
1331 1484 1472 1511 ἀσθένειαν
1485 1492 1491 1498 “
1508 1484 1574 1510 ἀλλὰ
1584 1485 1613 1510 τὸ
1627 1485 1675 1519 μὲν
1687 1485 1781 1520 θνητὸν

992 1529 1104 1564 ὑπὸτῆς
1117 1528 1189 1563 ζωῆς
1210 1529 1364 1564 κατεπόθη·
1380 1529 1394 1555 ὁ
1413 1529 1441 1555 δὲ
1462 1530 1629 1565 σταυρωθεὶς
1652 1530 1681 1562 ἐξ
1700 1531 1779 1557 ἀσθε-

992 1575 1076 1607 νείας,
1088 1574 1121 1610 ζῇ
1135 1575 1166 1600 ὲκ
1176 1574 1329 1609 δυνάμεως·
1343 1575 1359 1609 ἤ
1378 1583 1407 1601 τε
1419 1575 1525 1611 κατάρα
1542 1577 1582 1607 είς
1594 1576 1718 1610 εὐλογίαν
1732 1584 1781 1612 με·

991 1621 1133 1655 τεποιὴθη,
1160 1621 1207 1647 καὶ
1231 1622 1292 1648 ὅσον
1316 1621 1426 1652 ἀσθενὲς
1442 1622 1490 1655 τῆς
1514 1622 1620 1656 {possae
1635 1622 1713 1657 ἡμῶν
1736 1623 1783 1649 καὶ

993 1667 1123 1701 ἐπίκηρον
1139 1667 1293 1702 ἁνακραθὲν
1306 1668 1337 1702 τῇ
1351 1666 1466 1701 θεότητι,
1483 1668 1571 1694 ἐκεῖνο
1584 1668 1701 1701 ἐγένετο,
1714 1668 1783 1704 ὅπερ

993 1713 1009 1746 ἡ
1023 1712 1118 1746 θεότης
1135 1713 1202 1738 ἐστί.
1227 1713 1313 1738 Πόθεν
1328 1711 1374 1739 οὖν
1388 1713 1419 1739 ἅν
1431 1722 1472 1745 τις
1486 1714 1535 1749 τὴν
1549 1714 1630 1740 δυάδα
1643 1714 1697 1741 τῶν
1716 1715 1782 1740 υἱῶν

994 1758 1158 1790 ἐννοήσειεν,
1170 1757 1208 1788 ὡς
1227 1757 1333 1793 ἀνάγκῃ
1356 1759 1408 1784 τινὶ
1424 1758 1468 1785 διὰ
1480 1759 1529 1793 τῆς
1543 1760 1613 1786 κατὰ
1637 1760 1724 1795 σάρκα
1745 1761 1782 1786 ol-

995 1803 1124 1838 κονομίας
1144 1803 1213 1838 πρὸς
1228 1803 1277 1838 τὴν
1298 1803 1424 1839 τοιαύτην
1448 1804 1580 1839 ὑπόληψιν
1602 1805 1780 1840 ὲναγόμενος;

999 1849 1028 1875 'O
1041 1849 1095 1884 γὰρ
1108 1849 1150 1875 ἀεὶ
1168 1851 1196 1875 ἐν
1216 1849 1253 1884 τῷ
1274 1850 1360 1884 Πατρὶ
1379 1850 1427 1880 ὢν,
1444 1851 1490 1876 καὶ
1506 1850 1549 1876 ἀεὶ
1565 1850 1633 1885 ἔχων
1650 1851 1678 1877 ὲν
1693 1851 1782 1886 ἑαυτῷ

993 1895 1038 1922 τὸν
1055 1896 1174 1930 Πατέρα,
1192 1896 1238 1921 καὶ
1256 1896 1393 1930 ἡνωμένος
1410 1896 1494 1930 αὐτῷ,
1510 1897 1547 1927 ὡς
1564 1894 1598 1932 ἦν
1614 1897 1659 1923 καὶ
1673 1897 1778 1933 πρώην,

993 1941 1064 1968 οὕτω
1090 1942 1136 1967 καὶ
1159 1941 1226 1972 ἔστι,
1252 1942 1298 1968 καὶ
1321 1941 1414 1973 ἔσται,
1435 1943 1481 1968 καὶ
1498 1942 1560 1968 ἄλλο
1586 1944 1650 1978 παρ’
1678 1944 1780 1970 ἐκεῖνον

995 1988 1059 2019 Υἱὸς
1075 1987 1137 2013 οὔτε
1151 1985 1194 2022 ἦν,
1209 1987 1269 2013 οὔτε
1283 1987 1399 2021 ἐγένετο,
1416 1987 1475 2013 οὔτε
1491 1988 1575 2015 ἔσται.
1600 1989 1631 2015 Ἠ
1654 1989 1681 2015 δὲ
1702 1998 1782 2024 προσ-

993 2033 1125 2068 ληφθεῖσα
1145 2034 1193 2067 τῆς
1216 2033 1388 2068 ἀνθρωπίνης
1411 2034 1517 2067 φύσεως
1532 2034 1640 2069 ἀπαρχὴ
1663 2034 1714 2061 ὑπὸ
1733 2035 1782 2071 τῆς

995 2078 1197 2112 παντοδυνάμου
1218 2077 1351 2112 θεότητος,
1369 2077 1404 2108 ὡς
1427 2077 1459 2103 ἂν
1475 2077 1546 2102 εἴποι
1559 2086 1600 2108 τις
1614 2077 1697 2104 εἰκόνι
1712 2077 1782 2112 χρώ·

999 2132 1088 2158 μενος,
1102 2120 1156 2149 οἶόν
1174 2131 1213 2153 τις
1234 2122 1339 2156 σταγὼν
1353 2122 1429 2154 ὄξους
1450 2121 1555 2157 ἀπείρῳ
1575 2123 1686 2156 πελάγει
1701 2131 1781 2149 κατα-

997 2168 1145 2204 κραθεῖσα,
1173 2168 1231 2193 ἐστὶ
1259 2167 1307 2201 μὲν
1332 2168 1359 2193 ἐν
1388 2166 1510 2201 θεότητι,
1544 2167 1574 2193 οὺ
1597 2168 1651 2202 μὴν
1675 2169 1703 2194 ἐν
1726 2169 1779 2199 τοῖς

996 2214 1071 2245 ἰδίοις
1087 2214 1171 2248 αὺτῆξ
1195 2213 1343 2247 ίδιώματιν.
1370 2212 1447 2239 Οὓτω
1469 2213 1521 2248 γὰρ
1547 2213 1579 2239 ἃν
1605 2213 1620 2248 ὴ
1641 2213 1694 2240 τῶν
1717 2213 1780 2240 ult-Bt

995 2259 1059 2290 δυὰς
1075 2259 1228 2289 ἀκολούθως
1251 2259 1398 2289 ὑπενοεῖτο,
1420 2259 1443 2283 εἰ
1458 2259 1490 2293 τῇ
1509 2258 1639 2292 ἀφράστῳ
1652 2258 1698 2284 τοῦ
1718 2258 1778 2284 Tem]

997 2305 1103 2340 θεότητι
1121 2305 1278 2339 ἑτερογενής
1297 2313 1339 2335 τις
1363 2304 1442 2338 φύσις
1459 2304 1486 2329 ὲν
1511 2303 1639 2335 [διάξουσι
1660 2304 1778 2338 σημείοις

997 2350 1205 2384 ὲπεγινώσκετο,
1221 2350 1258 2381 ὡς
1272 2347 1340 2376 εἶναι
1354 2351 1383 2376 τὸ
1400 2350 1449 2385 μὲν
1465 2350 1586 2381 ἀσθενὲς,
1601 2350 1616 2385 ἢ
1642 2350 1748 2385 μικρὸν,
1765 2349 1781 2383 ἢ

997 2396 1125 2430 φθαρτὸν,
1143 2395 1158 2431 ἢ
1178 2395 1356 2430 πρόσκαιρον·
1373 2395 1402 2421 τὸ
1424 2395 1461 2429 δὲ,
1486 2395 1607 2427 δυνατὸν,
1631 2395 1677 2421 καὶ
1699 2395 1779 2429 μέγα,

997 2441 1144 2476 ἄφθαρτον,
1166 2441 1212 2467 καὶ
1232 2441 1324 2467 ἀΐδιον.

996 2492 1043 2514 aut
1063 2487 1257 2521 corruptibile,
1283 2491 1329 2513 aut
1357 2491 1593 2520 momentaneum;
1620 2487 1685 2514 illud
1715 2495 1779 2514 vero

156 2546 251 2574 potens
269 2544 296 2567 et
319 2547 457 2574 magnum,
479 2543 505 2565 ct
534 2539 738 2574 incorruptibile
762 2542 844 2573 atque
867 2542 1009 2563 πίοι-ηοω.

191 2589 305 2620 Quando
327 2592 416 2615 autem
437 2587 564 2613 omnibus
582 2586 733 2613 immutatis
749 2586 776 2612 in
791 2584 942 2611 divinitatis

157 2634 372 2667 pru-prietatilnts
393 2640 562 2666 ‹pnecunque
579 2631 605 2657 iu
622 2631 728 2657 mortali
750 2638 811 2658 cuin
835 2630 941 2656 mortali

158 2684 229 2706 >statu
245 2679 319 2705 corni
343 2682 469 2712 possunt,
497 2678 522 2703 in
541 2677 616 2703 nullo
637 2676 787 2703 differentia
805 2675 942 2709 comperi-

157 2730 202 2750 tnr
218 2725 367 2759 :quidquid
384 2724 455 2749 enim
474 2722 533 2749 Filii
550 2723 621 2748 videt
633 2722 794 2755 quisquam,
812 2720 941 2747 divinitas

157 2775 208 2801 (31,
232 2771 376 2803 sapientia,
393 2770 492 2800 xistus,
511 2768 702 2799 sanctificatio,
718 2766 936 2801 impassibilitas:

715 2859 733 2872 '³
751 2858 770 2884 ΙΙ
788 2858 846 2884 Cot.
866 2864 889 2884 v.
913 2857 930 2882 i.

195 2862 247 2888 “ll
263 2863 324 2889 (jor.
347 2871 372 2894 v,
392 2863 433 2888 al.
476 2862 493 2875 ¹⁷
517 2861 629 2891 lemtim,
654 2860 672 2886 l.

1035 2583 1144 2617 Ἐπειδὴ
1165 2581 1192 2608 δὲ
1207 2582 1313 2608 πάντων
1334 2580 1387 2606 τῶν
1402 2580 1439 2615 τῷ
1460 2581 1548 2616 θνητῷ
1569 2582 1779 2617 συνεπιθεωρου-

995 2629 1082 2663 μένων
1098 2628 1126 2654 ἐν
1149 2629 1203 2659 τοῖς
1228 2630 1277 2661 τῆς
1298 2627 1421 2661 θεότητος
1441 2626 1564 2661 ἰδιώμασι
1585 2628 1779 2663 μεταποιηθέν-

992 2682 1056 2705 των,
1081 2674 1109 2699 ἐν
1132 2672 1219 2698 ozam
1246 2671 1482 2706 καταλαμῧάνεται
1512 2673 1527 2707 ἡ
1551 2673 1683 2708 διαφορά·
1711 2674 1778 2708 ὅπερ

993 2718 1045 2753 γὰρ
1074 2718 1104 2744 ἄν
1120 2727 1161 2748 τις
1180 2718 1228 2743 ἰ’ὃοι
1247 2717 1293 2743 τοῦ
1309 2717 1384 2749 rioci,
1402 2717 1495 2751 θεότης
1510 2718 1577 2749 ἐστὶ,
1594 2719 1682 2752 σοφία,
1699 2719 1777 2746 δύνα-

992 2773 1048 2798 μις,
1065 2764 1209 2798 ἁγιασμὸς,
1229 2763 1361 2790 ἀπάθεια·
1379 2763 1435 2795 πῶς
1447 2763 1478 2790 ἂν
1500 2764 1627 2800 διαιροῖτο
1645 2765 1674 2790 τὸ
1686 2764 1714 2791 ἓν
1739 2765 1775 2793 εἰς

973 2855 993 2870 ¹⁹
1011 2854 1029 2880 tt
1048 2855 1107 2881 Cot.
1123 2862 1182 2886 tui,
1208 2854 1232 2880 vi,
