1840 3036
9 146 76 172 {277

567 141 751 169 ADVERSUS
771 141 1025 169 arotlalx'atttssu.

1560 141 1627 166 ¹273

7 208 101 242 δυῖκὴν
125 205 277 241 σημασίαν,
305 204 438 239 μηδεμιᾶς
461 203 589 238 διαφορᾶς
611 204 656 229 τὸν
679 203 793 238 ἀριθμὸν
808 206 829 233 Λ
845 204 890 238 qui
924 203 981 229 lieri
1003 206 1103 237 potest,
1130 206 1158 229 ut
1173 203 1246 237 quod
1270 210 1354 229 unum
1371 206 1420 233 est,
1439 202 1465 228 in
1485 202 1625 229 notionem

10 252 190 289 μεριζούσης;
210 251 243 276 ’Π
260 250 313 284 γὰρ
327 250 421 284 θεότης
438 249 469 275 τὸ
483 248 607 274 ταπεινὸν
621 248 792 283 ὐπερύψωσε,

9 300 54 324 καὶ
79 297 115 332 τῷ
140 295 378 330 κατωνομασμένῳ
397 293 575 328 ἀνθρωπικῶς
601 294 630 320 τὸ
651 294 720 328 ὑπὲρ
742 295 793 320 πᾶν

8 341 77 369 εἷναι
101 342 185 377 ὄνομα
203 341 364 376 ἐχαρίσατο·
388 341 417 366 τὸ
441 340 596 374 ὑποχείριον
622 339 668 365 καὶ
691 339 792 370 δοῦλον,

10 389 102 424 κύριον
117 388 163 414 καὶ
177 387 288 422 βασιλέα
300 386 410 420 ἐποίησε
421 394 427 401 ·
454 385 543 416 καθὼς
560 386 574 410 ὁ
590 385 690 420 Πέτρος
702 385 791 419 φησιν,

10 437 50 462 ὅτι
68 435 168 469 Κύριον
179 434 258 459 αὑτὸν
280 433 327 459 καὶ
340 433 454 467 Χριστὸν
469 432 482 457 ὁ
498 432 562 462 Θεὸς
577 431 697 465 ἐποίησε.
716 430 794 456 Νοοῦ-

12 489 61 515 μεν
82 480 135 515 γὰρ
158 479 202 505 διὰ
225 478 271 505 τοῦ
295 478 411 514 Χριστοῦ
438 477 586 512 βασιλείαν,
610 478 657 503 καὶ
675 476 718 502 διὰ
744 477 793 511 τὴν

10 526 109 561 ἁκριὸῆ
133 526 245 560 ἑνότητα
268 525 315 559 τῆς
337 533 367 550 τε
387 523 602 559 προσληφθεὲσης
618 523 727 558 σαρκὸς,
748 523 794 548 καὶ

9 571 58 606 τῆς
83 570 304 606 προολαὸομένης
332 570 466 604 θεότητος,
498 569 734 603 ἀντιμεθίστανται
761 568 794 594 τὰ

7 617 142 650 ὀνόματα·
161 616 231 642 ὥστε
245 616 292 642 καὶ
314 615 343 641 τὸ
365 615 533 650 ἀνθρώπινον
544 615 582 649 τῷ
607 614 683 649 θείῳ,
705 614 751 640 καὶ
764 614 794 640 τὺ

12 663 82 689 θεῖον
96 661 133 696 τῷ
145 661 307 696 ἀνθρωπίνῳ
320 660 560 694 κατονομάζεσθαι.
570 660 614 685 Διὸ
625 661 670 686 καὶ
679 661 692 686 ὁ
704 661 794 686 ἐσταυ-

9 707 127 742 ρωμένος
154 706 253 742 Κύριος
265 706 314 741 τῆς
326 706 404 740 δόξης
416 707 466 732 ὑπὸ
482 706 527 732 τοῦ
542 706 646 732 Παύλου
662 707 792 738 καλεῖται,

7 752 53 778 καὶ
78 753 91 777 ὁ
114 751 349 786 προσκυνούμενος
377 752 428 777 ὑπὸ
447 752 536 786 πάσης
562 752 674 783 κτίσεως
694 753 746 778 τῶν
764 762 794 779 τε

8 797 186 831 ἐπουρανίων,
204 797 251 823 καὶ
264 796 402 829 ἐπιγείων,
421 797 467 822 καὶ
480 797 671 831 καταχθονίων,
693 798 794 833 Ἰησοῦς

6 843 178 878 ὀνομάζεται.
194 844 243 870 Διὰ
259 843 361 870 τούτων
380 844 434 879 γὰρ
450 845 579 879 ἠάληθής
596 854 625 870 τε
642 846 687 871 καὶ
706 846 794 872 ἀδιαί-

9 898 84 924 ρετος
107 890 203 921 ’ἑνωσις
220 889 398 924 ἑρμηνεύεται
416 890 447 916 ἐκ
466 890 511 916 τοῦ
528 891 574 916 καὶ
588 891 637 926 τὴν
656 891 793 926 ἄφραστον

6 935 56 970 τῆς
70 935 195 971 θεότητος
207 936 284 968 δόξαν
299 938 331 971 τῇ
354 936 400 962 τοῦ
422 936 485 962 Υἰοῦ
504 937 674 972 προσηγορίᾳ
694 938 792 972 σημαί-

7 981 108 1012 νεσθαι,
122 981 185 1008 ὅταν
199 983 274 1008 πᾶσα
291 982 359 1017 σὰρξ
370 981 599 1017 ἐξομολογήσηται
614 983 660 1009 καὶ
673 984 791 1017 γλῶσσα,

8 1027 49 1053 ὅτι
67 1027 167 1062 Κύριος
200 1027 301 1062 Ἰησοῦς
329 1028 445 1063 Χριστὸς
459 1028 498 1059 είς
520 1027 597 1060 δόξαν
620 1028 698 1060 Θεοῦ,
724 1029 792 1055 ὥστε

6 1071 50 1098 τὸν
72 1073 106 1098 τὰ
126 1072 200 1107 πάθη
223 1073 269 1098 τοῦ
289 1073 405 1108 σταυροῦ
426 1073 652 1108 καταδεξάμενον,
677 1074 723 1100 καὶ
746 1083 793 1100 πε-

8 1118 152 1153 ρονηθέντα
182 1119 273 1153 ἥλοις,
306 1120 353 1145 καὶ
375 1120 543 1154 διαπαρὲντα
569 1120 663 1155 λόγχῃ.
692 1120 793 1156 Κύριον

7 1163 84 1198 δόξης
99 1164 150 1190 ὑπὸ
165 1164 211 1190 τοῦ
233 1164 340 1191 Παύλου
357 1165 616 1201 προσαγορεύεσθαι.
637 1167 668 1192 Εἰ
686 1165 731 1192 οὖν
748 1168 794 1193 καὶ

6 1209 35 1235 τὸ
51 1209 217 1244 ἀνθρώπινον
232 1211 282 1237 οὐκ
300 1211 328 1236 ὲν
344 1212 404 1242 τοῖς
421 1210 527 1245 φύσεως
549 1211 672 1246 ἰδιώματι
689 1212 792 1238 δείκνυ-

6 1263 61 1287 ται,
79 1255 146 1282 ἀλλὰ
164 1255 263 1290 Κύριος
277 1256 326 1290 τῆς
343 1256 420 1290 δόξης
443 1257 525 1289 ἐστὶν,
542 1257 591 1282 οὐκ
607 1257 639 1283 ἂν
654 1257 681 1283 δέ
697 1267 739 1287 τις
760 1259 795 1284 εἱ-

8 1301 69 1326 πεῖν
82 1300 127 1326 δύο
145 1301 257 1335 κυρίους
269 1300 347 1335 δόξης
357 1300 511 1335 τολμήσειε,
529 1300 620 1335 μαθὼν
634 1301 673 1327 ὅτι
689 1299 727 1333 εἷς
743 1301 796 1327 Κύ-

8 1354 64 1380 ριος
86 1345 187 1380 Ἰησοῦς
210 1345 335 1381 Χριστὸς,
356 1345 388 1371 δι’
406 1341 435 1371 οὗ
458 1345 491 1371 τὰ
507 1346 604 1372 πάντα·
631 1346 711 1372 πόθεν
730 1348 794 1381 ἡμῖν

7 1391 164 1417 ἐπικαλοῦσι
185 1391 239 1417 τῶν
262 1388 326 1417 υἱῶν
347 1390 395 1425 τὴν
416 1390 500 1417 δυάδα.
525 1391 550 1417 οἱ
574 1391 622 1426 τὴν
641 1391 700 1417 καθ’
718 1392 794 1426 ἡμῶν

7 1436 173 1472 κατηγορίαν
202 1437 379 1472 εὐπρόσωπον
404 1436 532 1473 ἀφορμὴν
561 1437 600 1468 εἰς
625 1437 795 1472 κατασκευὴν

7 1481 60 1508 τῶν
84 1481 155 1508 ἰδίων
176 1481 334 1518 ὐπολήψεων
356 1481 588 1517 προῧαλλόμενοι;
617 1481 657 1507 Τὰ
679 1481 728 1516 μὲν
750 1479 795 1508 οὖν

8 1529 73 1563 παρ’
84 1527 161 1562 ἡμῶν
174 1529 212 1559 εἰς
225 1528 381 1561 ἀπολογίαν,
394 1527 506 1559 τοιαῦτα
517 1536 522 1543 -
534 1527 669 1562 ζητοῦμεν
681 1527 707 1553 δὲ
721 1527 795 1562 παρὰ

8 1573 56 1607 τῆς
74 1573 122 1608 σῆς
136 1574 163 1599 ἐν
177 1572 285 1608 Χριστῷ
297 1572 465 1608 τελειότητος
481 1573 590 1607 μείζονα
607 1573 653 1599 καὶ
667 1563 803 1599 τελειοτέᾸ

9 1627 59 1653 ραν
81 1619 129 1653 τῆς
151 1618 279 1653 ἀληθείας
295 1618 342 1653 τὴν
359 1618 526 1653 συμμαχίαν,
553 1619 589 1650 ὡς
609 1618 642 1644 ἂν
662 1619 795 1653 μηδεμίαν

10 1664 94 1698 ἔχοιεν
113 1664 183 1690 κατὰ
205 1664 254 1698 τῆς
275 1663 401 1699 ἀληθείας
416 1664 454 1696 εἰς
470 1664 633 1698 κατηγορίαν
653 1663 749 1698 λαόὴν,
772 1665 797 1690 οἱ

9 1709 51 1734 διὰ
76 1709 126 1744 τῆς
146 1709 206 1735 καθ’
230 1709 307 1744 ἡμῶν
335 1709 464 1744 μέμψεως
482 1709 530 1740 τὰς
558 1709 625 1740 ἰδίας
650 1708 797 1745 ὑπολήψεις

10 1754 199 1790 κρατύναντες.
669 1767 674 1771 ·

49 1925 72 1941 ²⁰
90 1924 149 1951 Act.
165 1932 195 1958 ιι,
208 1923 254 1951 56.
291 1924 313 1939 ¹¹
329 1923 412 1951 lCor.
432 1931 462 1955 ιι,
479 1924 504 1951 8.
543 1924 566 1939 '²
580 1923 696 1958 Philipp.
717 1931 748 1955 ιι,
764 1923 806 1951 10.

843 247 978 281 duplicem
993 247 1140 279 dividatur,
1158 256 1219 274 cum
1245 248 1317 274 nulla
1338 247 1372 275 sit
1391 247 1553 278 differentia,
1571 255 1625 281 qua

843 293 947 320 numeri
975 293 1117 320 distinctio
1141 293 1263 319 nitatur?
1295 292 1427 318 Divinitas
1456 292 1528 319 euim
1552 292 1624 325 quod

844 339 945 365 humile
969 339 1030 369 tuit,
1058 339 1282 374 snper-exaltant.
1311 343 1337 365 et
1359 339 1382 363 ei
1411 337 1482 372 quml
1507 337 1625 363 humano

844 391 919 410 more
949 385 1151 415 nominabatur,
1171 384 1266 418 largita
1295 387 1346 414 est.
1369 387 1398 409 ut
1437 390 1518 416 super
1546 390 1625 408 omw:

844 441 940 460 nomen
962 439 1050 467 csset;
1071 436 1141 468 quod
1159 435 1297 461 subditum
1318 438 1343 460 et
1360 441 1467 460 servum
1489 436 1556 463 erat,
1573 432 1625 457 du-

844 479 946 505 minum
974 488 1118 514 regemque
1141 480 1214 510 fecit,
1240 480 1310 506 sicut
1327 483 1353 505 et
1378 478 1471 504 l’etrus
1491 477 1623 510 iuquit¹⁰,

844 523 988 551 Dominum
1002 534 1063 552 eum
1082 530 1108 551 ct
1132 525 1271 551 Christum
1290 525 1353 550 fecit
1379 524 1458 550 Deus.
1483 522 1532 549 Per
1550 522 1624 548 Chri-

844 574 915 596 stum
937 571 1009 596 cuim
1032 578 1145 605 reguum
1168 571 1354 605 intelligimus,
1383 573 1409 595 et
1441 573 1551 602 propter
1578 575 1625 593 cx-

845 621 934 642 aetam
949 617 1075 643 unionem
1093 621 1239 650 assumptae
1256 616 1346 642 ‹artiis
1362 620 1388 642 et
1403 614 1567 641 assumentis
1583 613 1624 639 ‹li—

844 661 966 688 vinitatis
979 662 1217 688 communicantur
1231 665 1257 687 et
1274 665 1368 686 mutuo
1382 660 1483 685 dautur
1502 659 1625 689 nomina,

845 706 882 733 ita
905 710 935 732 ut
950 711 976 734 et
992 707 1140 733 humanum
1163 715 1193 734 ex
1208 707 1310 737 divino,
1333 710 1359 733 ct
1377 706 1498 732 divinum
1524 712 1556 731 ex
1573 705 1624 730 hu-

845 759 926 778 mano
948 751 1149 778 denominetur.
1168 752 1339 786 Quapropter
1364 754 1390 777 et
1413 751 1458 784 qui
1476 750 1624 776 crucilixus

845 802 887 824 est
903 796 1034 824 Dominus
1056 797 1148 832 gloriae
1171 806 1184 823 a
1201 796 1285 823 Paulo
1301 796 1452 827 vocatur-²¹,
1471 799 1496 822 et
1523 796 1567 822 ille
1578 795 1624 828 qui

846 843 880 870 ab
895 843 968 869 onmi
984 847 1108 870 creatura
1126 843 1290 874 coelestium,
1307 842 1478 870 terrestrium
1500 846 1524 867 et
1541 841 1625 867 inser-

811 883 829 909 Β
845 895 941 915 norum
967 888 1148 920 adoratur¹¹,
1179 885 1258 916 lesus
1283 888 1450 914 nominatur.
1482 886 1529 913 llis
1552 886 1623 912 enim

844 942 907 961 vera
931 935 1124 969 individuaque
1141 935 1204 961 uuio
1226 934 1392 965 declaratur,
1409 941 1439 960 ex
1458 940 1489 959 eo
1505 932 1575 967 quod
1599 935 1625 958 et

844 977 988 1005 ineffabilis
1004 980 1088 1014 gloria
1103 979 1255 1006 divinitatis
1273 978 1333 1005 Filii
1355 978 1535 1013 appellatione
1555 977 1626 1003 desi-

844 1029 952 1058 gnetur,
966 1032 1026 1051 cum
1040 1025 1129 1052 omnis
1145 1032 1210 1051 caro
1222 1025 1385 1052 conliteatur
1402 1028 1428 1050 et
1446 1023 1548 1057 lingua,
1561 1023 1625 1056 quia

844 1069 974 1098 Dominus
993 1069 1071 1098 Jesus
1094 1070 1220 1098 CluiStus
1238 1071 1264 1097 iu
1287 1071 1372 1105 gloria
1395 1073 1436 1096 est
1464 1069 1508 1095 Dei
1526 1069 1624 1099 Patris.

844 1116 927 1142 itaut
949 1117 994 1150 qui
1021 1118 1111 1144 crucis
1134 1121 1267 1143 tormenta
1294 1117 1329 1143 sit
1353 1123 1465 1150 passus,
1489 1119 1514 1141 et
1541 1115 1626 1141 clavis

844 1161 984 1193 confixus,
1012 1169 1043 1189 ac
1065 1162 1157 1189 lancea
1177 1162 1354 1193 vulneratus,
1379 1169 1394 1187 a
1422 1160 1505 1187 Paulo
1534 1160 1626 1195 gloriae

846 1205 976 1233 Dominus
994 1206 1154 1240 appelletur.
1180 1205 1208 1232 Si
1226 1214 1290 1239 ergo
1309 1205 1379 1240 quod
1401 1205 1549 1231 humanum
1573 1210 1624 1235 est,

844 1259 898 1278 non
915 1252 941 1278 in
958 1253 1170 1286 proprietatibus
1186 1255 1290 1278 natur-:e
1311 1246 1382 1278 esse'
1396 1251 1563 1282 ostenditur,
1579 1251 1625 1278 sed

845 1297 938 1332 glorire
953 1296 1083 1325 Dominus
1104 1303 1155 1329 cst,
1171 1305 1258 1332 neque
1280 1297 1340 1324 ideo
1356 1297 1418 1331 quis
1439 1297 1516 1324 binos
1534 1296 1627 1331 gloriae

845 1343 972 1370 dominos
995 1344 1104 1370 auderet
1127 1343 1269 1375 affirmare,
1286 1351 1347 1369 cum
1372 1351 1455 1369 unum
1479 1351 1538 1370 esse
1557 1343 1627 1369 didi-

846 1390 930 1416 cisset
951 1389 1043 1416 Jesum
1069 1389 1224 1421 Christum,
1252 1396 1298 1423 per
1318 1396 1397 1423 quem
1422 1389 1513 1415 munia
1535 1399 1540 1415 t
1558 1388 1628 1415 unde

845 1443 960 1469 quaeso,
989 1435 1068 1462 nobis
1098 1435 1232 1462 binarium
1255 1442 1395 1461 numerum
1420 1434 1536 1461 filiorum
1559 1434 1628 1468 obji-

846 1481 933 1512 ciunt,
959 1485 1005 1507 aut
1031 1480 1175 1507 confictam
1200 1480 1226 1506 in
1253 1487 1304 1507 nos
1330 1480 1543 1510 accusationem,
1569 1485 1629 1506 tan-

846 1534 926 1561 quam
951 1527 1102 1561 speciosam
1127 1526 1296 1552 occasionem
1316 1525 1347 1551 ad
1365 1533 1428 1553 suas
1451 1525 1628 1552 stabiliendas

846 1571 988 1606 opiniones
1005 1571 1176 1605 praetexunt?
1191 1570 1252 1597 llsec
1270 1575 1333 1597 sunt
1357 1571 1438 1604 igitur
1451 1579 1510 1605 quoe
1526 1571 1558 1596 ad
1583 1571 1628 1597 de-

847 1617 998 1644 fensionem
1017 1622 1138 1643 nostram
1164 1616 1260 1643 afferre
1285 1624 1452 1651 possumus:
1469 1624 1482 1642 a
1505 1620 1549 1642 tua
1565 1625 1628 1643 vero

846 1663 873 1690 in
888 1663 997 1690 Christo
1014 1663 1179 1697 perfectione
1195 1663 1283 1696 majus
1298 1670 1329 1689 ac
1349 1663 1497 1697 perfectius
1521 1663 1552 1689 ad
1568 1671 1630 1697 pro-

850 1709 1022 1744 pugnandam
1056 1709 1135 1735 tidem
1159 1708 1310 1735 subsidium
1341 1709 1474 1743 exigimus
1493 1718 1498 1735 :
1517 1717 1550 1735 ne
1577 1717 1629 1743 qua

849 1756 903 1782 illis
924 1762 989 1782 ansa
1019 1755 1051 1780 ad
1072 1755 1212 1781 veritatem
1239 1755 1424 1782 insectandam
1450 1756 1629 1790 relinquatur,

846 1800 892 1833 qui
911 1806 944 1825 ex
969 1803 1061 1826 nostra
1088 1799 1301 1834 reprehensione
1321 1807 1369 1826 sua
1395 1804 1548 1826 commenta
1570 1807 1630 1826 cor-

847 1845 988 1872 roborant.

470 2100 606 2144 ANG.
667 2099 797 2145 MAI}
852 2100 1167 2146 PRAEFATIO

537 2195 570 2222 IN
590 2194 776 2223 OI'USCULA
805 2194 875 2223 DUO
906 2194 1110 2229 SEQUENTIA.

620 2273 694 2299 (Bibl.
706 2281 758 2299 nov.
773 2277 789 2298 t.
804 2273 844 2303 IV,
866 2273 935 2297 Rom.
948 2273 1026 2304 ¹8t7.)

50 2446 70 2474 Ι.
101 2446 162 2473 Fuit
194 2447 245 2474 hoc
276 2446 454 2481 complurium
487 2450 627 2472 auctorum
666 2449 786 2472 veterum
805 2445 899 2477 satum,
931 2449 960 2472 ut
983 2446 1103 2480 ipsorum
1125 2446 1202 2479 libri,
1222 2446 1249 2472 in
1276 2445 1416 2474 codicibus
1441 2451 1518 2474 antea
1547 2448 1632 2474 laten-

17 2497 67 2523 tes,
91 2496 154 2526 post
181 2493 306 2519 inventos
331 2497 410 2526 typos
442 2491 513 2517 haud
544 2490 635 2516 statim
661 2490 766 2524 integra
797 2491 915 2518 editione
930 2491 1087 2525 prodirent,
1108 2491 1154 2518 sed
1180 2491 1323 2519 identidem
1351 2497 1378 2519 et
1404 2500 1451 2527 per
1481 2493 1632 2524 intervalla,

16 2544 96 2574 prout
125 2547 155 2566 se
181 2538 298 2579 singula·
315 2546 396 2573 opera
427 2537 612 2572 quaerentibus
636 2537 805 2564 obtulerunt.
826 2538 905 2564 Certe
927 2542 953 2564 ct
981 2545 1094 2572 magnus
1116 2538 1160 2564 ille
1193 2537 1339 2572 Gregorius
1361 2538 1453 2574 Nyssae
1478 2540 1635 2582 episcopus⁸

17 2590 78 2621 post
91 2586 252 2612 minutiores
266 2586 368 2619 aliquot
383 2584 526 2614 editiones,
545 2583 652 2609 duobus
680 2582 786 2609 demum
812 2584 891 2610 tomis
908 2583 1054 2614 collectus.
1072 2583 1182 2611 Parisiis
1197 2592 1268 2611 anno
1296 2585 1362 2611 1615
1377 2586 1558 2619 splendidiore
1576 2588 1634 2613 luce

15 2639 146 2659 coruscus
171 2632 324 2666 apparebat.
358 2630 410 2657 Sed
426 2637 488 2656 cccc
502 2636 576 2659 mox,
594 2633 722 2662 sequente
744 2636 815 2655 anno
834 2629 918 2661 tuto,
935 2628 1051 2655 Jacobus
1080 2629 1224 2657 Gretserus
1249 2632 1348 2656 lautam
1379 2630 1491 2665 Nysseni
1523 2634 1635 2659 mantis-

16 2685 73 2704 sam
89 2685 121 2704 ex
146 2676 343 2704 Germanorum
364 2675 505 2702 codicibus
530 2674 689 2705 excitabat;
707 2680 786 2707 quam
815 2674 999 2708 typographus
1024 2673 1185 2701 Parisiensis
1210 2675 1336 2701 Morellus
1351 2683 1421 2701 anno
1456 2675 1520 2701 ¹618
1538 2678 1633 2710 raptim

17 2731 152 2755 recusam,
167 2723 232 2750 tomi
248 2722 290 2749 sui
307 2721 465 2756 posterioris
479 2719 655 2754 appendicem
674 2718 747 2744 l'ecit.
769 2717 869 2745 Verum
887 2722 1000 2745 eatenus
1013 2726 1056 2745 res
1071 2726 1124 2745 non
1140 2719 1225 2749 stetit,
1241 2719 1339 2745 etenim
1366 2717 1396 2744 L.
1424 2719 1455 2744 Α.
1485 2719 1635 2754 zacagnius

18 2769 188 2796 bibliothecae
208 2768 346 2795 Vaticanae
367 2766 521 2802 praefectus,
539 2772 608 2791 nova
625 2768 705 2798 alque
720 2764 829 2799 copiosa
845 2764 958 2799 Nysseni
976 2764 1141 2791 incrementa
1158 2765 1279 2791 exhibuit
1295 2765 1320 2791 iu
1337 2772 1386 2791 suo
1415 2766 1546 2798 praeclaro
1574 2767 1633 2792 (ivl-

19 2816 194 2841 [cotoneorum
208 2806 355 2845 volumine,
374 2820 445 2839 anuo
461 2812 527 2839 1698
543 2811 636 2837 Romae
652 2810 770 2845 vulgato.
791 2811 909 2845 Denique
923 2811 942 2837 l.
960 2810 989 2837 ll.
1007 2811 1183 2838 Caraceiolus
1208 2811 1323 2838 Pisanus
1351 2815 1508 2839 antecessor
1533 2817 1635 2847 septen

21 2861 136 2889 ineditas
150 2861 264 2897 Nysseni
285 2860 425 2896 epistolas,
445 2860 470 2885 iu
488 2857 608 2885 Mediceo
636 2857 729 2885 codice
753 2857 877 2885 inventas
896 2857 1037 2884 Florentiae
1055 2858 1124 2892 typis
1143 2857 1261 2885 tradidit.
1277 2856 1352 2884 Nunc
1370 2865 1418 2885 nos
1447 2859 1574 2892 postremi
1602 2859 1637 2885 ad
